2646 4404
173 222 233 284 150
568 216 836 271 coannnrrrcrrr
1131 227 1244 284 (eam

172 375 319 455 circenses
334 372 448 435 eburna
463 373 575 451 effigies
591 372 736 452 praeiret,
752 387 828 434 neve
839 373 908 454 quis
919 373 1031 434 flamen
1042 379 1098 434 aut
1108 386 1205 450 augur
1215 369 1244 430 in

170 460 270 521 locum
286 458 453 520 Germanioi
474 458 532 518 nisi
553 457 651 535 gentis
667 456 757 518 Iuliae
772 465 932 518 crearetur.
965 459 1062 518 Arcus
1079 457 1174 518 additi
1188 457 1246 517 Ro·

173 564 240 606 mae
260 555 289 606 et
310 551 381 623 aput
401 544 497 622 ripam
512 543 610 604 Rheni
626 551 656 604 et
671 542 703 602 in
718 549 822 604 monte
838 542 943 603 Suriae
957 543 1091 613 Amano,
1115 560 1185 603 cum
1201 542 1246 603 in·

173 630 337 710 scriptione
351 647 453 690 rerum
467 638 619 706 gestarum
636 646 669 688 ac
683 635 812 689 mortem
829 626 867 688 ob
883 646 947 688 rem
963 625 1120 706 publicam
1136 626 1247 697 obisse;

74 743 88 759 τ
174 714 365 794 sepulchrum
381 713 561 784 Antiochiae,
578 713 630 773 ubi
645 720 802 783 crematus,
823 712 955 773 tribunal
969 712 1178 793 Epidaphnae,
1192 727 1273 792 quoi

174 799 206 858 in
220 801 286 860 loco
302 797 392 859 vitam
408 799 533 859 linierat.
568 798 739 858 statuarum
754 797 940 869 locorumve,
956 796 988 858 in
1003 796 1073 876 quis
1090 796 1247 869 coleretur,

175 885 254 945 haud
272 883 358 944 facile
373 884 440 963 quis
455 901 616 943 numerum
632 879 740 944 inierit.
763 881 840 943 Cum
856 890 1028 943 censeretur
1043 881 1162 961 clipeus
1177 900 1247 943 auro

176 977 207 1029 et
226 969 432 1048 magnitudine
451 968 576 1045 insignis
592 967 672 1028 inter
686 976 822 1028 auctores
838 966 1043 1046 eloquentiae,
1064 967 1249 1028 adseveravit

175 1054 312 1116 Tiberius
327 1053 451 1113 solitum
464 1051 750 1132 pleramqueoeteris
765 1051 951 1113 dicaturum:
972 1070 1073 1131 neque
1090 1051 1174 1112 enim
1190 1053 1249 1112 elo·

176 1139 455 1218 quentiamfortuna
465 1138 603 1211 discerni,
619 1145 649 1198 et
664 1137 734 1198 satis
745 1137 881 1207 inlustre,
895 1136 921 1197 si
932 1144 1050 1197 veteres
1062 1136 1145 1198 inter
1156 1137 1249 1216 scrip·
1265 1147 1285 1197 tv

175 1233 256 1285 tores
277 1223 445 1284 haberetur.
476 1223 624 1301 Equester
646 1222 719 1282 ordo
742 1240 870 1282 cuneum
891 1221 1060 1282 Germanici
1081 1221 1248 1301 appellavit,

176 1308 228 1387 qui
238 1309 392 1370 iuniorum
404 1308 566 1380 dicebatur,
578 1306 777 1387 instituitque,
789 1307 834 1367 uti
845 1315 962 1367 turmae
971 1305 1071 1366 idibus
1080 1306 1166 1366 luliis
1174 1305 1249 1367 ima·

176 1393 274 1471 ginem
282 1394 346 1453 eius
354 1402 560 1472 sequerentur.
569 1392 714 1471 Pleraque
722 1391 1017 1470 manent2quaedam
1025 1390 1129 1452 statim
1140 1391 1249 1453 omissa

178 1485 258 1550 sunt,
274 1486 327 1537 aut
341 1485 473 1538 vetustas
488 1477 676 1539 oblitteravit.

120 1565 161 1620 84
260 1561 399 1622 Ceterum
424 1563 539 1623 recenti
565 1562 661 1624 adhuc
686 1561 836 1623 maestitia
856 1579 942 1622 soror
963 1559 1135 1622 Germanici
1156 1559 1246 1634 Livia,
1264 1576 1287 1625 15

214 1769 237 1820 1.
255 1770 360 1834 flamen.
394 1768 431 1818 Er
448 1783 505 1818 war
520 1767 626 1818 Flamen
644 1770 689 1819 des
734 1784 775 1819 wo
787 1768 955 1820 siestunden.
976 1765 1251 1829 Gdttergleichever·

178 1840 319 1899 Augustus.
338 1836 382 1887 Or.
395 1837 453 1886 661.
464 1837 540 1887 3064.
550 1835 689 1886 Mommsl.
735 1837 832 1898 ehrnng
843 1835 1013 1886 kaiserlicher
1025 1833 1151 1892 Prinzcn,
1169 1834 1251 1885 solbet

179 1905 208 1955 lt.
226 1904 258 1957 N.
275 1905 352 1954 2395.
369 1903 396 1953 C.
414 1904 432 1955 1.
450 1904 477 1954 L.
497 1904 525 1954 ll.
548 1906 611 1956 1517
625 1904 688 1968 (vpl.
735 1904 778 1954 bei
790 1904 863 1953 ihren
876 1903 1026 1965 Lobzeiten‚
1038 1903 1064 1953 in
1078 1903 1127 1953 dea
1140 1901 1251 1953 Provin-

179 1972 255 2023 2039.
268 1973 345 2034 2198)
364 1971 513 2023 Germanico
524 1972 635 2033 Caesari,
649 1970 690 2022 Ti.
736 1987 781 2022 zon
794 1970 1031 2034 wargcwb'hnlich.
1065 1970 1127 2035 vgr.
1145 1987 1179 2020 zu
1197 1970 1250 2023 ci

178 2043 212 2107 f„
223 2040 277 2090 diva·
288 2043 404 2105 Augendi
415 2057 450 2098 n..
462 2040 517 2090 divi
528 2039 581 2089 reti
597 2055 690 2106 prone-
736 2057 762 2090 u.
776 2039 818 2089 43.

177 2111 246 2176 poti,
262 2111 374 2174 amauri,
390 2109 462 2174 flam.
473 2108 627 2173 Augustei,
639 2124 690 2158 coa.
770 2109 795 2159 8.
818 2110 887 2157 inter
902 2110 1019 2157 auctores
1034 2107 1202 2170 eloquentia.
1223 2107 1249 2157 6

179 2177 216 2241 II,
227 2180 289 2244 imp.
302 2176 338 2227 11.
357 2176 416 2226 Seia
431 2176 586 2240 Nachiolgor·
604 2176 691 2226 wurdo
737 2193 768 2226 zu
781 2192 802 2225 c.
816 2176 858 2226 31.
884 2175 979 2224 Sueton
998 2175 1061 2224 iiber
1082 2173 1250 2225 Germanicus

181 2247 236 2296 sein
265 2244 474 2311 Adoptivbruder
504 2245 603 2295 Drusus
633 2243 689 2307 (οι.
736 2244 790 2296 Cal.
805 2244 820 2292 3
833 2245 970 2306 ingenium
981 2241 1250 2308 inutraqueoioquerv·

181 2314 251 2376 211),
264 2315 330 2363 dunn
343 2314 397 2363 sein
410 2314 477 2364 Sohn
489 2313 559 2366 Nero
572 2311 627 2376 (Or.
641 2313 690 2364 663
736 2315 788 2362 tiae
799 2311 977 2376 doctrinaeque
989 2309 1186 2372 (Griocbiaobcr
1202 2309 1249 2361 und

182 2380 275 2431 -665,
290 2381 365 2432 2366.
379 2381 463 2442 2368).
737 2380 924 2440 Latciniscber)
960 2392 1055 2444 genere
1093 2377 1250 2445 proauiam

217 2447 242 2498 2.
261 2450 355 2512 Areua,
367 2449 392 2498 in
405 2451 452 2499 dan
470 2449 565 2499 lieston
581 2450 626 2499 des
644 2449 691 2499 SC.
736 2449 788 2497 und
802 2447 890 2498 Oraeit
900 2462 996 2496 causae
1012 2448 1093 2495 otiam
1104 2447 1249 2513 &rempha-

182 2515 331 2568 bezeichnet
351 2517 390 2567 als
403 2517 469 2568 alter
484 2516 578 2580 Ianus,
599 2519 692 2568 tmtiua
738 2517 771 2567 lia
799 2520 875 2580 atque
904 2517 972 2565 inter
997 2518 1079 2567 catera
1103 2513 1249 2565 modiorum

182 2583 269 2634 Ianua.
737 2587 904 2634 anmrumeitta
927 2582 1032 2647 reliquit
1058 2585 1084 2631 ot
1106 2581 1250 2633 comoediae

217 2653 241 2702 3.
259 2653 371 2715 Amano,
399 2669 432 2702 aa
455 2653 501 2702 der
525 2651 625 2703 Grcnze
648 2651 693 2703 ci·
741 2650 857 2703 Graecae.
887 2649 1252 2715 Zweirnitttelmiesigellpi·

183 2719 285 2780 licieus,
294 2719 315 2782 j.
328 2721 408 2770 Akme
422 2720 499 2784 Dagh.
738 2734 849 2784 gramme
866 2719 913 2768 mit
931 2720 976 2768 dor
988 2716 1170 2769 Ucberscbritt
1187 2721 1250 2780 Γερ·

218 2791 241 2838 6.
262 2787 433 2855 Epidaphnae.
465 2789 490 2838 S.
503 2804 535 2837 zu
545 2805 567 2838 e.
577 2789 619 2839 69.
633 2785 694 2840 Tri-
737 2786 855 2854 μανικοῦ
867 2789 1008 2854 Καίσαρος
1023 2785 1047 2834 b.
1065 2785 1161 2836 Jacobs
1174 2784 1249 2837 Antb.

182 2856 261 2906 tonat
275 2858 338 2907 ‘eine
355 2855 558 2914 Treuerbiihne’,
575 2856 615 2907 als
627 2857 693 2907 Ver·
739 2856 783 2908 Gr.
795 2853 824 2905 ll.
840 2857 871 2906 16
887 2854 944 2904 sind
962 2853 1030 2903 wohl
1048 2869 1098 2904 von
1110 2853 1250 2917 Domitian,

183 2925 302 2987 ewignng
326 2923 486 2986 derjenigan,
510 2922 558 2974 aui
579 2925 693 2974 welcher
738 2924 823 2975 sicher
836 2923 999 2974 dieAratca.

183 2992 255 3058 seina
271 2991 365 3041 Leiehe
382 2991 537 3054 ausgestellt
553 3007 615 3043 war.
642 2991 692 3041 Ein
776 2993 816 3041 11.
839 3006 947 3040 cuneum
968 2990 1002 3040 im
1018 2988 1199 3051 unanimo
1212 2989 1251 3040 die

184 3058 286 3109 solches
311 3058 425 3110 tribunal
448 3058 526 3108 findet
550 3060 605 3109 sich
629 3061 694 3109 anob
739 3058 1097 3111 liitterwiedieSenatoren
1110 3056 1250 3109 wonder-o

184 3125 420 3189 denanarius
436 3126 584 3177 decuriones
599 3128 695 3191 fernme
740 3126 830 3177 Pl'itzo
850 3127 938 3175 hatten
950 3131 992 3186 ts.
1013 3141 1045 3175 zu
1057 3124 1117 3177 XV.
1129 3125 1174 3190 32)
1196 3125 1251 3185 und,

182 3192 285 3260 publico
297 3192 328 3242 de
340 3195 426 3258 foroe
442 3194 570 3244 tribunali
586 3195 696 3261 efferea-
740 3195 791 3244 wie
803 3194 874 3244 dieso
890 3194 972 3244 Stella
993 3195 1076 3257 zeigt,
1097 3193 1140 3243 ein
1158 3209 1251 3245 enecas

163 3283 166 3289 ·
185 3260 232 3311 dor
251 3264 276 3310 et
294 3262 336 3310 hie
355 3261 498 3311 laureandos
514 3264 696 3325 cencluerunt),
740 3264 786 3312 der
797 3261 884 3312 Ritter
895 3264 1035 3325 iuniorum,
1047 3262 1093 3311 der
1106 3263 1204 3313 andero
1214 3278 1251 3312 se-

185 3330 236 3378 und
248 3329 287 3379 als
301 3327 516 3379 Grabnonument
528 3330 573 3380 Or.
586 3332 653 3380 4548
664 3330 695 3380 Ρ.
740 3333 845 3380 reiorum
861 3330 938 3380 hiess.
970 3332 1038 3380 Suet.
1056 3329 1127 3380 Dom.
1147 3331 1164 3378 4
1181 3332 1251 3395 quia-

185 3396 276 3447 Aeiiue
285 3397 446 3449 Venerianus
456 3400 503 3448 hoe
513 3414 559 3447 vos
567 3398 697 3449 disemum
739 3414 823 3465 gertus
843 3402 954 3448 tesserae
974 3401 1002 3448 in
1021 3396 1141 3462 cingulos
1162 3412 1252 3448 cuneos

187 3464 326 3534 (δίσωμον,
340 3467 485 3530 Sercophag
496 3464 538 3515 hir
557 3467 621 3516 zwoi
633 3467 695 3517 Lei·
740 3469 866 3532 equestris
886 3481 916 3515 ao
936 3466 1060 3516 reremorii
1078 3464 1180 3515 ordaim
1194 3479 1251 3533 pro

187 3535 260 3595 eben)
278 3535 329 3584 sibi
346 3537 370 3583 et
387 3533 520 3585 Felicitati
535 3550 597 3584 auae
611 3538 697 3600 posuit
741 3537 877 3586 nuntiavit.

186 3606 211 3650 et
220 3602 694 3670 trihmaleoepermiaeupontisticnm)
778 3604 816 3654 12.
836 3601 923 3652 idibus
933 3599 1018 3662 Iuliis,
1033 3600 1074 3651 boi
1087 3600 1145 3650 dom
1155 3599 1251 3652 feicrli·

185 3670 304 3735 perfecit.
331 3720 333 3725 ,
741 3673 803 3721 eben
813 3668 928 3732 Aulznge
942 3671 1079 3729 ltraoeett‘ot
1096 3669 1143 3718 der
1155 3668 1252 3718 hitter-

222 3737 245 3786 6.
265 3739 395 3790 eoleretar.
434 3738 480 3788 Die
501 3739 561 3788 llds.
585 3737 694 3788 coleren-
740 3739 874 3789 centurien
887 3739 916 3800 (s.
930 3754 961 3785 zu
971 3736 1009 3787 lll.
1021 3738 1073 3800 30),
1082 3737 1197 3786 welcher
1206 3735 1252 3786 all·

187 3808 239 3867 tur,
253 3806 388 3869 venenat,
400 3807 432 3857 da
444 3807 515 3857 seina
527 3806 632 3856 Statnen
647 3822 694 3856 nur
737 3806 851 3869 jdbrlioh
863 3804 1003 3856 andiesem
1015 3805 1085 3867 Tage
1102 3803 1236 3855 stattlmd

187 3887 218 3921 an
235 3871 283 3922 den
301 3873 382 3923 Oeten
400 3875 572 3926 vereh1·tsoi¹¹
586 3874 693 3924 idunan,
774 3865 828 3922 84,
848 3876 878 3922 15
906 3871 987 3923 Liria.
1014 3871 1134 3923 s.1v.a
