2646 4404
122 240 185 302 292

521 234 664 287 CORNELI
675 233 784 285 eccm

1067 254 1093 301 (ι.
1104 265 1124 295 ιι.
1135 256 1165 295 tta
1213 280 1216 315 i

125 393 253 455 stulatur
267 400 423 452 accusante
437 389 564 450 Domitio
580 390 663 449 Atro.
698 388 727 448 ls
747 407 853 449 recens
875 397 1031 469 praetura.
1050 392 1165 454 modicus
1214 388 1216 403 '

125 477 304 557 dignationis
319 485 349 536 et
364 494 483 554 quoquo
499 474 631 534 facinore
646 491 790 554 properus
807 474 985 546 clarescere,
1007 476 1114 537 crimen
1130 478 1166 538 in·

125 563 290 643 pudicitiae,
309 562 473 622 adulterum
492 560 646 632 Furnium,
669 559 809 621 veneficio
822 559 856 619 in
870 560 1038 639 principem
1054 570 1082 622 et
1094 563 1168 623 devo

124 650 221 710 tiones
237 646 410 708 oblectabat.
437 644 594 723 Agrippina
610 661 729 723 semper
742 652 835 717 atrox,
850 654 916 705 tum
932 653 963 706 et
974 645 1102 724 periculo
1111 666 1169 726 pro

123 734 251 814 pinquac
263 750 395 802 accensa,
407 730 502 809 pergit
514 730 550 790 ad
562 729 722 801 Tiberium,
739 747 773 789 ac
790 730 868 790 forte
883 730 1096 792 sacrificantem
1107 732 1192 810 patris

122 819 262 897 repperit.
285 817 350 888 Quo
363 816 445 876 initio
457 815 584 875 invidiae
595 832 656 874 non
669 815 801 875 eiusdem
812 815 853 874 ait
864 823 995 876 mactare
1008 815 1170 895 discimu-

124 911 171 964 sto
194 903 328 964 victimas
350 911 379 961 et
400 909 533 980 posteros
550 899 613 959 eius
629 899 776 960 insectari.
811 900 877 960 Non
899 900 932 960 in
952 901 1067 978 efligies
1088 910 1172 962 mnus

124 988 253 1049 divinum
266 987 405 1066 spiritum
416 985 614 1055 transfusum3
625 985 678 1045 sed
690 985 846 1062 imaginem
860 1004 970 1058 verum,
988 986 1103 1047 caelesti
1113 1005 1173 1047 sau-

57 1114 59 1117 *
124 1074 212 1152 guinc
236 1081 331 1133 ortam
357 1070 526 1148 intellegere
547 1070 721 1142 discrimen,
743 1070 895 1149 suscipere
917 1071 1033 1132 sordes.
1067 1071 1174 1132 Fmstra

124 1159 281 1219 Pulchram
296 1155 469 1236 praescribi,
486 1156 532 1215 cui
546 1155 610 1215 sola
626 1155 707 1215 exitii
722 1173 809 1215 causa
825 1155 879 1226 sit,
901 1157 982 1235 quod
997 1156 1177 1236 Agrippinam
1190 1166 1209 1217 u

124 1244 214 1303 stulte
229 1261 353 1322 prorsus
368 1242 402 1301 ad
418 1241 531 1301 cultum
540 1240 699 1316 delegerit,
719 1239 811 1300 oblita
826 1240 928 1301 Sosiae
948 1239 989 1300 ob
1010 1242 1115 1302 eadem
1132 1243 1175 1303 ad·

124 1329 228 1388 dictae.
257 1327 363 1387 Audita
379 1327 451 1386 hoec
464 1344 561 1386 raram
577 1325 682 1386 occulti
697 1326 825 1404 pectoris
840 1344 943 1386 uocem
959 1325 1105 1399 elicuere3
1118 1344 1176 1388 cor·

124 1421 300 1491 reptamque
310 1412 426 1472 Graeco
440 1429 528 1470 versu
540 1411 698 1470 admonuit
707 1429 775 1469 mon
790 1411 856 1470 ideo
872 1411 958 1482 luedi,
971 1411 1044 1488 quia
1058 1429 1123 1472 non
1136 1431 1177 1473 re

123 1506 235 1576 gnaret.
254 1496 385 1557 ¹Pulclrru
400 1504 430 1556 ct
442 1496 570 1556 Furnius
585 1496 773 1556 damnantur.
802 1495 873 1555 Ater
887 1496 1071 1574 primoribus
1083 1505 1176 1557 «uto

125 1600 191 1642 rum
202 1581 331 1652 additus,
348 1581 496 1658 divulgato
510 1581 630 1657 ingenio
645 1589 678 1640 et
693 1589 792 1641 secute
807 1581 1032 1642 adsereretione
1047 1582 1179 1649 Cameris,
1193 1595 1213 1647 u

125 1685 180 1746 qua
202 1685 256 1726 suo
275 1667 340 1726 iure
356 1666 507 1725 disertum
528 1685 596 1726 cum
612 1666 784 1745 appellavit3
803 1684 872 1726 mox
892 1667 1085 1744 capessendis
1100 1686 1178 1728 accu-

124 1750 289 1812 sationibus
310 1759 360 1812 aut
380 1769 448 1811 reos
463 1751 589 1811 tutando
603 1751 790 1830 prosperiore
806 1751 995 1830 eloquentiae
1013 1771 1105 1830 quem
1120 1771 1178 1813 mo

121 1996 260 2060 Augustus
301 1995 346 2045 der
387 1994 541 2045 Grossvatcr
580 1997 626 2045 der

121 2065 270 2132 Agrippina
292 2080 348 2113 war
373 2064 402 2123 (s.
421 2080 453 2113 zu
471 2062 487 2113 l.
507 2065 542 2126 3).
583 2065 625 2114 Sic

121 2131 260 2181 fuihrteden
270 2132 477 2196 urspringlichen
486 2131 625 2182 Familien-

122 2215 208 2250 namen
228 2202 296 2251 ihrcs
314 2201 417 2263 Veters,
438 2199 557 2262 welcher,
583 2203 625 2250 cin

123 2270 190 2318 Sohu
210 2271 259 2318 'des
278 2269 343 2336 App.
365 2268 486 2318 Claudius
508 2268 625 2333 Pulcher,

121 2337 196 2387 Coos.
209 2338 241 2387 38
255 2353 279 2387 ν.
295 2339 348 2400 Ch,
369 2339 394 2387 in
411 2339 455 2386 das
474 2334 625 2388 Geschlccltt

121 2404 624 2472 dorMesselaudoptiertwar(daherAp-

120 2473 232 2538 pianes).
256 2473 378 2535 Borghesi
397 2473 513 2523 0envres
530 2472 547 2522 l.
565 2474 623 2525 414.

120 2541 179 2602 Vgl.
193 2558 224 2590 zu
238 2539 265 2590 ll.
279 2543 319 2591 48.

159 2612 181 2660 1.
203 2625 289 2660 recem
305 2613 436 2675 praetura.
461 2609 486 2658 S.
504 2625 536 2658 zu
553 2607 569 2658 l.
583 2611 623 2661 41,

158 2677 182 2726 3,
219 2677 368 2728 devotiones.
404 2677 462 2740 Vgl.
479 2676 507 2727 ll.
524 2678 564 2727 30.
582 2679 623 2727 69.

120 2743 160 2794 lll.
176 2745 214 2797 13.
227 2744 283 2795 Xll.
296 2747 335 2795 65.
348 2745 416 2797 XVl.
430 2747 470 2797 31.

158 2815 181 2864 6.
207 2814 465 2877 praemisissemus
484 2813 573 2863 ‘indum
585 2815 623 2863 sic

121 2885 176 2933 dics
197 2884 234 2932 als
255 2883 374 2946 Ausgang
398 2883 470 2932 ihrer
494 2880 625 2933 Vcrmiirle

123 2951 337 3012 naumis-entim
348 2952 438 3000 ‘indcm
449 2951 624 3013 dies—wer').

122 3020 205 3072 Ucbcr
216 3019 312 3068 t'ncidio
322 3035 355 3067 zu
368 3017 407 3067 lll.
421 3021 461 3068 67.

156 3088 178 3137 8.
216 3089 356 3150 imeffinem
373 3091 513 3150 -crtum,
535 3087 625 3150 Agrip-

120 3154 280 3219 pinaselbst.

154 3223 178 3271 9.
213 3221 324 3271 Frustra
340 3249 373 3256 -
390 3223 538 3287 praescribi.
579 3220 624 3270 ΧΙ.

123 3290 153 3340 16
165 3288 276 3339 Frustra
288 3289 437 3338 Amineum
446 3291 594 3357 praescribi.

159 3361 196 3410 ll.
220 3355 313 3406 Sosiae.
339 3356 363 3406 S.
377 3373 398 3408 c.
413 3357 451 3410 19.

157 3427 196 3476 12.
221 3431 414 3493 correptumque.
436 3425 472 3474 Er
484 3425 574 3490 packte
585 3426 623 3476 sie

120 3512 160 3546 so.
185 3496 254 3545 Suet.
272 3494 327 3544 Tib.
345 3497 377 3544 53
406 3491 508 3544 Nurum
523 3497 623 3562 Agrip-

118 3567 207 3630 pinam
222 3567 279 3629 pust
293 3565 385 3612 mureti
398 3567 504 3613 mmm
519 3563 624 3613 literius

120 3633 242 3695 meddam
259 3637 371 3696 questum
390 3645 468 3681 mauu
485 3633 623 3698 apprehen·

120 3699 157 3748 dit
175 3699 314 3764 Graecoque
335 3715 410 3752 versu
431 3699 524 3750 Sinon
541 3700 623 3750 demi-

120 3771 200 3831 ucris,
217 3772 303 3834 inquit,
314 3769 400 3835 filiola,
412 3771 535 3818 iniustam
546 3772 571 3818 te
582 3784 623 3819 uc·

120 3837 207 3953 &pere
223 3839 371 3954 peistpnas?
396 3837 446 3887 Der
466 3837 622 3900 griechischc

146 3917 188 3952 ers
198 3919 222 3954 rs
246 3920 292 3955 ver
303 3919 371 3955 oren.

716 1999 754 2048 16.
778 2014 824 2050 sue
842 2003 898 2050 iure
912 2000 1057 2051 dc'sertum:
1081 2018 1111 2052 er
1126 2001 1181 2051 tete

679 2066 763 2117 velles
777 2068 855 2118 flecht
867 2067 961 2119 daroul
970 2069 1065 2120 beredt
1077 2077 1180 2135 genunt

679 2150 710 2181 zu
720 2138 832 2186 werden.

711 2219 774 2253 mcc
800 2220 825 2254 u.
850 2219 871 2254 s.
894 2219 927 2253 w.
945 2202 977 2253 'S.
1003 2220 1023 2255 c.
1051 2205 1094 2255 66.
1118 2203 1179 2255 xtt'.

682 2270 719 2319 19.
733 2271 761 2320 D.
780 2272 816 2321 13.
832 2274 871 2323 15.
884 2271 1029 2337 Quintilian
1047 2273 1084 2322 X.
1105 2273 1179 2337 1,118

679 2339 1179 2408 Eorum,quosmdm,i9mnitius.iser

679 2411 702 2456 et
713 2407 795 2457 ludccs
806 2410 951 2475 Africanus
966 2409 1043 2472 longe
1054 2413 1179 2476 ponem

678 2478 781 2524 tissimi.
805 2480 872 2526 Arte
882 2477 925 2526 itte
935 2479 960 2525 ct
972 2480 1025 2525 toto
1032 2492 1131 2541 genere
1145 2476 1179 2527 u·-

679 2543 754 2592 cendi
759 2544 955 2610 praeferendus,
972 2548 998 2593 et
1014 2560 1091 2609 queen
1102 2548 1129 2595 in
1139 2560 1178 2595 stt·

676 2627 748 2661 merc
773 2616 884 2662 ceterum
909 2613 993 2662 locere
1013 2627 1066 2662 non
1088 2618 1177 2663 mm.

678 2679 732 2729 Xll.
750 2681 787 2742 11,
802 2681 817 2729 3
835 2680 898 2732 Vidi
911 2694 956 2744 οὲο
968 2679 1047 2745 tcsrge
1063 2685 1179 2739 munim,

677 2762 738 2812 quos
748 2750 813 2798 uuiti
822 2763 969 2813 cognoscere
979 2752 1101 2815 contigit,
1116 2758 1178 2800 m·

676 2832 748 2866 mum
764 2820 897 2879 armorico,
920 2815 1060 2867 demetitum
1077 2818 1177 2885 Assem,

678 2883 748 2933 uude
764 2900 848 2934 senen
864 2883 955 2935 cotidie
972 2885 1075 2949 alicuid
1093 2902 1128 2936 oe
1145 2900 1177 2946 cc,

678 2966 753 3016 mcum
765 2958 904 3014 messuerat,
913 2956 1073 3003 auctoritate
1079 2952 1177 3022 perden-

677 3023 734 3081 tem,
751 3037 809 3070 cum
823 3024 913 3086 wenti
927 3021 981 3082 illc,
998 3037 1073 3085 quem
1088 3022 1178 3090 prusci-

675 3102 733 3154 pem
751 3090 836 3153 fuisse
850 3088 974 3153 quondum
984 3091 1049 3154 scri
1063 3106 1113 3140 nou
1128 3093 1178 3140 erut

677 3155 790 3216 dubium,
803 3157 858 3219 ulii,
870 3157 938 3221 qued
947 3157 1089 3222 indignum
1100 3157 1177 3208 cidn-

678 3228 730 3286 tur,
759 3224 886 3285 riderent,
915 3224 962 3274 ulit
996 3228 1177 3283 erubescemu

678 3307 741 3356 mccc
752 3296 847 3342 occasio
854 3294 915 3357 ‚picit
926 3293 1028 3344 tiimndi
1035 3295 1115 3345 multe
1126 3308 1178 3344 mun

677 3360 782 3426 deficere
803 3376 881 3424 picam
901 3360 1023 3412 desinere,
1062 3363 1099 3412 Er
1125 3375 1178 3412 'uer

678 3428 751 3479 Cous.
768 3429 822 3479 suff.
837 3430 906 3479 3911.
919 3430 971 3494 Ch,
985 3434 1096 3481 muetos·
1104 3439 1180 3495 nqua-

677 3511 735 3546 rum
748 3513 797 3547 von
811 3499 843 3547 49
852 3497 895 3546 'bis
908 3514 940 3546 eu
954 3499 1055 3548 -eeinem
1067 3499 1138 3549 Tude
1148 3498 1178 3548 89

677 3582 700 3614 n.
711 3566 755 3615 Ch.
766 3566 814 3616 uio
828 3563 891 3614 Llll.
906 3565 1120 3631 tullentinus
1135 3565 1179 3618 192

678 3634 705 3696 (t.
725 3633 836 3685 Veranio
851 3638 874 3683 et
890 3634 1009 3701 Pmnpetc
1028 3633 1118 3700 Longo
1133 3649 1178 3684 ecs.

680 3702 723 3752 Cn.
729 3702 855 3752 Domitius
860 3704 928 3770 Aser
934 3719 943 3760 ,·
955 3703 1026 3768 Afro
1035 3702 1180 3763 (successit)

677 3769 775 3821 Nerone
789 3770 893 3821 Claudio
905 3769 1012 3820 Caesare
1027 3771 1071 3821 IV
1080 3775 1105 3821 et
1121 3769 1178 3820 Cos-

676 3853 711 3901 so,
731 3838 804 3888 Cossi
816 3841 847 3904 f,
869 3854 917 3889 ccc.
946 3836 971 3888 t.
987 3841 1054 3890 Piso.
1097 3837 1180 3890 lister

679 3909 746 3946 iarn»
758 3908 839 3957 suum
853 3906 897 3954 01
912 3908 970 3957 772,
