2646 4404
178 239 219 300 62
570 236 716 289 connum
733 218 865 289 'exciri'
984 234 987 239 ·
1129 254 1195 299 (eu.
1208 248 1243 291 ie
1277 21 1291 317 i

176 399 247 471 aput
264 393 381 459 Varum,
404 392 534 470 quitum
551 391 691 452 exercitui
707 391 902 470 praesidebat,
923 410 1008 452 reum
1024 391 1092 452 feci.
1137 390 1244 451 Dilatus

176 477 300 555 segnitia
327 476 418 547 ducis,
443 477 509 555 quia
536 495 640 554 parum
662 478 802 555 praesidii
818 478 848 536 in
865 476 979 554 legibus
1001 485 1075 545 erat,
1100 484 1135 536 ut
1149 493 1198 535 me
1218 484 1245 535 et
1288 468 1291 499 ¹

173 561 344 622 Arminium
360 570 389 619 et
405 561 540 621 conscios
556 561 696 632 vinciret,
720 562 856 639 flagitavi.
902 562 998 622 Testis
1013 562 1063 622 illa
1078 580 1149 633 nox,
1176 558 1245 619 milri
1289 560 1291 579 ²

174 648 288 707 utinam
299 646 399 724 potius
413 644 589 706 novissima!
622 647 706 718 Quae
719 655 819 707 secuta
836 654 917 716 sunt,
930 646 1033 706 defleri
1047 647 1143 725 magis
1159 662 1244 725 quam
1289 692 1291 729 :

175 732 295 792 defendi
307 740 443 809 possunt.
468 731 606 791 Ceterum
620 740 650 791 et
661 732 750 792 inieci
761 741 880 793 catenas
889 731 1033 801 Arminio,
1045 739 1076 791 et
1089 750 1106 791 a
1118 730 1244 791 factione
1257 742 1269 791 5
1286 748 1291 807 q

176 817 241 877 eius
253 817 376 875 iniectas
388 834 549 894 perpessus
563 834 638 875 sum.
662 818 759 895 Atque
774 817 826 877 ubi
836 817 968 895 primum
980 816 1024 877 tui
1036 816 1134 895 copia,
1149 822 1246 875 vetera

175 903 259 962 novis
276 910 305 961 et
317 901 416 978 quieta
432 900 559 960 turbidis
575 902 748 973 antehabeo‚
764 921 864 981 neque
885 902 922 961 ob
937 901 1117 980 praemium,
1141 900 1195 960 sed
1215 906 1247 959 ut

175 1007 223 1046 me
233 986 356 1064 pertidia
369 987 527 1057 exsolvam,
554 986 643 1045 simul
658 988 740 1064 genti
763 987 982 1048 Germanorum
1003 987 1133 1046 idoneus
1149 984 1245 1046 conci·

175 1072 271 1139 liator,
288 1072 313 1131 si
328 1071 540 1148 paenitentiam
557 1090 645 1150 quam
662 1072 824 1148 perniciem
838 1072 988 1132 maluerit.
1011 1071 1070 1131 Pro
1086 1071 1210 1132 iuventa
1220 1075 1247 1129 et

176 1175 276 1216 errore
290 1157 342 1216 lilii
352 1157 467 1217 veniam
476 1175 595 1234 precor:
608 1156 698 1216 filiam
711 1158 889 1217 necessitate
901 1158 961 1217 huc
972 1156 1132 1216 adductam
1144 1156 1245 1215 fateor.
1260 1164 1291 1215 tt·

175 1242 272 1301 Tuum
287 1242 345 1301 crit
357 1243 535 1311 consultare,
548 1247 649 1300 utrum
662 1242 834 1319 praevaleat,
848 1241 927 1320 quod
941 1262 977 1302 ex
987 1241 1126 1301 Arminio
1143 1258 1248 1300 conce-

175 1326 227 1405 pit,
244 1343 283 1387 an
299 1328 378 1404 quod
396 1345 431 1384 ex
447 1345 496 1385 me
511 1327 609 1402 genita
625 1336 679 1387 est.
703 1328 809 1387 Caesar
826 1327 967 1387 clementi
982 1344 1133 1404 responso
1151 1324 1248 1385 liberis

174 1410 411 1489 propinquisque
423 1411 486 1470 eius
498 1411 742 1481 incolumitatem,
754 1413 811 1490 ipsi
827 1413 928 1472 sedem
937 1420 1037 1472 vetere
1048 1411 1079 1470 in
1096 1409 1247 1489 provincia

174 1495 338 1573 pollicetur.
362 1495 531 1554 Exercitum
544 1496 663 1556 reduxit
676 1516 846 1576 nomenque
858 1495 1046 1574 imperatoris
1058 1504 1186 1556 auctore
1199 1494 1248 1553 'li-

174 1579 258 1639 berio
271 1580 390 1658 accepit.
414 1580 540 1640 Arminii
553 1599 628 1640 uxor
640 1582 732 1642 virilis
745 1601 833 1642 sexus
846 1583 969 1660 stirpem
982 1580 1089 1641 edidit:
1108 1580 1246 1641 educatus
1262 1598 1282 1647 ιε

174 1664 336 1724 Ravennae
348 1682 424 1742 puer
437 1683 496 1743 qno
510 1683 579 1724 mox
591 1666 719 1727 ludibrio
732 1667 918 1727 conflictatus
932 1667 980 1739 sit,
993 1666 1175 1744 intempore
1188 1682 1249 1724 me-

175 1749 305 1808 morabo.

115 1840 158 1894 59
258 1833 347 1893 Fama
360 1833 453 1893 dediti
465 1833 654 1914 benigneque
668 1836 783 1915 excepti
795 1835 926 1914 Segestis
938 1835 1064 1911 vulgata,
1081 1842 1115 1894 ut
1125 1834 1248 1913 quibus-

173 1967 250 2000 arma
277 1967 379 2001 sumere
408 1967 459 2000 noa
482 1957 541 2002 anie
565 1957 685 2018 cuiquam

173 2022 268 2080 moris,
296 2036 373 2084 qaam
397 2023 487 2069 ciuitas
510 2023 684 2083 mffectaram

172 2089 323 2153 probaverit.
361 2085 431 2137 Ganz
458 2089 610 2139 Aehnliches
640 2091 684 2139 hat

174 2157 251 2205 sehon
264 2156 303 2206 die
317 2156 398 2204 iiltere
408 2157 529 2221 spurcha,
542 2159 592 2206 wie
602 2157 684 2207 adda-

174 2239 215 2274 eor
226 2226 271 2273 liae
283 2227 323 2273 iia
334 2240 389 2273 esse
403 2231 466 2274 statt
479 2228 507 2272 ai
518 2225 564 2274 doc
575 2228 614 2275 iia
629 2242 684 2274 esse

174 2292 292 2354 credam,⁸
314 2293 340 2341 iu
360 2293 493 2341 desselben
519 2292 608 2342 Weise
630 2293 683 2343 Cic.

174 2360 250 2409 Verr.
275 2358 303 2408 ll.
318 2362 342 2420 7,
361 2360 392 2408 20
405 2361 472 2408 vobis
486 2363 574 2425 priore
585 2364 684 2410 actione

174 2427 340 2490 satisfactam
354 2432 392 2476 est
409 2427 454 2477 HS
469 2429 548 2478 decies
564 2445 685 2479 atiniaru-

175 2499 315 2558 tam-esee,
336 2495 399 2560 Nep.
417 2498 471 2546 Att.
494 2496 535 2555 21,
558 2499 572 2546 5
594 2498 685 2561 quibas

174 2566 302 2627 quoniam,
319 2568 348 2613 ai
359 2579 441 2629 spera,
457 2566 574 2630 satisfeci
591 2582 632 2614 me
643 2568 683 2613 ni-

174 2631 211 2680 tat
229 2632 322 2695 reliqui
333 2634 440 2698 secisse,
462 2634 511 2681 und
526 2632 578 2681 Cic.
604 2633 681 2682 Acad.

173 2699 253 2763 prior.
272 2701 302 2748 21
323 2706 389 2748 extr.
406 2703 520 2750 nitamur
537 2701 683 2766 nidilposee

169 2770 270 2834 percipi
274 2767 315 2816 liic
320 2769 442 2833 nitamur,
452 2772 519 2817 at-
527 2770 679 2833 efficiamus.

207 2836 230 2884 3.
257 2835 301 2883 illa
326 2851 385 2884 noca
403 2836 429 2884 S.
448 2852 469 2884 c,
488 2839 528 2884 55.
564 2836 680 2886 Deniol-

171 2904 269 2963 gendeu
284 2903 399 2952 Wuusoh
412 2901 468 2965 fiigt
480 2919 509 2953 er
521 2904 603 2964 hinzu,
618 2905 680 2954 weil

173 2985 201 3019 er
217 2985 247 3018 an
270 2970 314 3018 des
332 2971 416 3020 Varus
434 2971 610 3034 Vernichtung
631 2973 680 3020 und

172 3038 219 3085 den
233 3037 353 3102 spiteren
367 3036 479 3102 liriegen
493 3039 566 3088 Theil
579 3055 681 3102 genom-

171 3120 242 3159 men:
257 3105 359 3154 worauf
369 3107 423 3155 sich
435 3108 499 3156 auch
511 3109 555 3156 das
569 3108 680 3158 Niichste

173 3173 283 3222 bezieht.

209 3243 248 3292 11.
271 3244 367 3290 tetram.
386 3241 463 3291 Diese
485 3241 681 3307 Fragepartilxel

171 3308 216 3357 hat
228 3307 334 3358 Tacitus
354 3326 402 3358 nur
419 3312 482 3360 noch
497 3308 526 3358 G.
548 3312 579 3359 28
591 3315 680 3360 aetram

172 3378 294 3426 Arauisci
311 3379 338 3424 ia
351 3378 512 3426 Pannoniam
530 3379 560 3426 ab
576 3378 632 3428 Osis
647 3396 680 3429 aa

174 3443 219 3494 Osi
244 3446 274 3493 ab
304 3446 436 3495 Arauiscis
464 3448 491 3494 ia
518 3444 682 3497 Germaniam

171 3515 406 3578 commiomaoeriat,
413 3515 540 3562 incertum
550 3519 596 3562 est.
608 3514 637 3564 D.
648 3517 679 3565 35

171 3595 219 3628 aon
231 3581 317 3643 facile
328 3580 448 3635 demerim,
470 3585 590 3630 utrumne
612 3581 681 3634 loeas

170 3650 226 3712 ipae
243 3664 278 3697 aa
294 3648 464 3715 cotidiacipuli
478 3665 512 3698 an
528 3665 612 3713 genas
623 3656 680 3701 etu-

170 3714 273 3764 dioram
279 3716 339 3781 plus
355 3717 421 3766 mali
431 3720 547 3781 ingeniis*
554 3718 678 3780 afferam.

170 3782 202 3830 37
216 3781 285 3832 dam
300 3786 413 3834 maritam
429 3787 541 3847 interest,
557 3791 680 3837 ratramne

170 3849 201 3898 de
211 3852 290 3916 sarto
309 3857 356 3901 aat
365 3853 486 3919 sarmata
504 3857 528 3901 et
546 3855 678 3906 interdicto

169 3916 305 3968 dicendam
321 3920 415 3970 babeas
431 3936 465 3970 aa
482 3920 512 3971 de
527 3922 624 3973 ambita
637 3939 679 3974 oo-

738 1958 884 2018 mtttmaan,
897 1953 1021 2020 eapilatie
1032 1955 1110 2004 sociis
1122 1954 1249 2005 etaetatis

739 2022 880 2073 trucidatis.

775 2092 814 2140 13.
834 2095 915 2139 cetere
923 2093 950 2139 ia
959 2091 1100 2155 procincta,
1111 2104 1152 2137 am
1162 2090 1246 2140 liuhan

739 2157 884 2208 Rheiuuier.
920 2158 967 2207 Als
980 2172 1043 2206 neue
1056 2154 1170 2206 Provinz
1184 2158 1247 2207 wird

739 2228 783 2276 dus
797 2227 912 2288 gedacht,
925 2240 979 2274 was
989 2225 1030 2274 die
1040 2223 1134 2274 Rfimer
1147 2227 1247 2276 verder

738 2295 895 2357 Niederlage
907 2293 951 2342 des
965 2293 1048 2343 Varus
1061 2290 1108 2341 aus
1118 2293 1165 2342 der
1176 2296 1246 2344 rech·

739 2371 781 2412 teu
801 2363 869 2412 Seite
892 2363 1012 2411 besesscn
1031 2361 1128 2420 hatten,
1151 2361 1250 2413 woraui

739 2431 778 2480 sie
796 2432 881 2480 wodor
894 2431 935 2478 ihr
947 2429 1157 2479 vermeintliches
1170 2428 1248 2480 liecht

739 2500 803 2548 noch
812 2498 854 2546 die
864 2497 987 2559 lloffnung
996 2498 1043 2546 der
1052 2496 1249 2548 Wiedererlaa·

738 2581 805 2630 gung
818 2564 973 2628 auigegeben
986 2565 1081 2613 hatten.

775 2635 813 2683 14.
831 2649 919 2682 nomen
933 2635 1105 2698 imperatoris,
1125 2633 1191 2682 nach
1203 2634 1248 2683 der

738 2703 807 2752 alten
819 2702 909 2751 Weise
928 2699 977 2764 (lll.
995 2701 1046 2763 74),
1064 2701 1115 2749 wie
1129 2701 1172 2750 ihu
1185 2702 1249 2751 auch

737 2770 778 2819 die
796 2767 890 2819 liaiser
909 2771 988 2819 neben
1005 2769 1084 2817 ihren
1109 2770 1248 2818 steheodeu

735 2837 804 2887 Titel
818 2838 848 2899 (s.
862 2855 883 2887 c.
897 2837 921 2897 3)
935 2835 1046 2897 fiilirteu,
1060 2836 1143 2885 iudem
1157 2837 1195 2886 sie
1206 2837 1247 2886 die

735 2906 866 2955 einzelnen
881 2905 1064 2966 Eruenuuugen
1079 2904 1192 2954 ziihlteu.

772 2975 810 3023 16.
832 2973 950 3022 ludibria.
978 2972 1025 3020 Ein
1039 2972 1183 3035 Ereiguiss,
1202 2972 1247 3022 dus

735 3043 782 3091 mit
794 3041 990 3090 verschuldeter
1003 3040 1065 3089 oder
1076 3040 1248 3089 unverschul-

735 3111 808 3159 dcter
831 3108 946 3159 Schande
967 3107 1011 3157 fiir
1035 3108 1076 3157 ihn
1097 3108 1247 3157 verbunden

735 3193 798 3226 war.
817 3177 875 3239 Vgl.
889 3176 917 3226 ll.
933 3179 957 3226 4.
986 3176 1033 3226 Die
1045 3176 1190 3226 Nachricht
1201 3179 1246 3226 du-

736 3247 814 3295 riiber
835 3245 870 3294 ist
888 3245 1016 3294 verloren.
1045 3242 1089 3293 Xl.
1105 3244 1146 3307 16,
1170 3246 1245 3293 4711.

736 3314 789 3375 Ch„
806 3313 873 3361 wird
891 3328 949 3362 vom
967 3313 1033 3362 Sohn
1053 3312 1097 3361 des
1114 3312 1246 3362 Arminius

735 3383 775 3430 als
788 3381 869 3430 cinam
879 3382 977 3431 Todteu
988 3381 1153 3444 gesprachcn.
1172 3380 1246 3430 Naoh

735 3449 828 3498 Strabo
841 3447 895 3499 Vll.
916 3452 938 3511 1,
956 3450 972 3497 4
987 3449 1055 3497 hiesu
1070 3462 1099 3495 er
1112 3446 1245 3496 Thumeli·

735 3534 788 3568 cus.

769 3575 822 3633 59.
842 3584 881 3633 18.
899 3586 928 3632 ai
944 3584 1081 3647 quidamque
1091 3582 1188 3632 bellam
1203 3584 1245 3632 in-

734 3655 795 3701 vitis
816 3655 863 3701 arti
884 3653 1042 3718 capientibus
1066 3654 1128 3700 arai.
1177 3650 1245 3701 Eine

733 3720 912 3780 Nachahmung
930 3720 975 3768 der
993 3719 1126 3778 Griecheu,
1142 3718 1244 3768 welche

733 3804 761 3838 so
786 3788 838 3837 alle
863 3787 997 3850 Adjectiva
1028 3787 1078 3835 und
1101 3784 1198 3836 Partici
1217 3786 1244 3837 ia

733 3863 828 3919 oetaeo,
837 3855 878 3904 die
889 3854 1054 3918 Geneigtheit
1063 3854 1125 3903 oder
1137 3853 1182 3903 dus
1233 3882 1244 3891 -

732 3924 844 3983 gentheil
851 3923 1012 3973 bezeichnen.
1027 3921 1243 3986 Matttitqassse.
