2646 4404
93 33 165 327 s„
178 266 268 321 mn)
378 253 422 306 aa
439 252 590 307 excessu
607 252 674 307 mvr
691 253 863 307 aoaosrrr,
881 255 1026 307 aenaea.
1107 209 1110 215 Ι
1158 258 1198 318 71

144 408 372 489 diturcaespes3
388 428 450 471 non
465 408 592 469 tentoria
608 408 775 488 manipulis,
791 428 853 471 non
868 410 998 470 fomenta
1015 410 1136 471 sauciis:
1153 410 1200 470 in-

143 494 239 555 iectos
254 512 345 555 caeno
361 504 412 556 aut
426 512 530 555 cruore
545 493 627 554 cibos
644 494 807 555 dividentes
822 495 955 555 funestas
966 495 1104 555 tenebras
1117 502 1146 557 et
1157 503 1203 556 tot

142 580 300 641 hominum
316 580 433 640 milibus
449 597 543 640 unum
559 580 617 639 iam
632 580 779 658 reliquum
795 580 873 639 diem
889 581 1133 641 lamentabantur.

228 664 319 726 Forte
348 683 442 744 equus
468 664 600 743 abruptis
623 665 746 725 vinculis
772 684 860 744 vagus
883 672 913 725 et
933 667 1060 726 clamore
1082 666 1202 727 territus
1217 676 1259 731 bb

106 764 125 817 a
142 750 289 829 quosdam
301 751 519 811 occurrentium
532 750 706 810 obturbavit.
729 751 823 811 Tanta
834 751 1107 811 indeconsternatio
1117 752 1201 811 inru-

142 834 224 915 pisse
236 836 399 897 Germanos
412 836 603 906 credentium,
617 845 650 896 ut
660 837 758 896 cuncti
769 843 892 896 ruerent
902 837 938 896 ad
949 845 1064 914 portas3
1077 855 1202 915 quarum

143 920 308 982 decumana
324 923 448 981 maxime
463 921 628 999 lietebatur,
648 939 749 981 aversa
766 921 846 980 hosti
862 929 890 981 et
904 921 1083 999 fugientibus
1098 922 1201 981 tutior.

142 1004 278 1077 Caecina,
301 1015 451 1086 comperto
473 1025 577 1065 vanam
600 1025 665 1066 esse
683 1005 883 1075 formidinem,
905 1025 972 1066 cum
989 1016 1088 1066 tamen
1104 1025 1201 1085 neque

141 1091 320 1151 auctoritate
335 1108 430 1171 neque
445 1090 592 1170 precibus,
611 1111 647 1151 ne
662 1110 754 1151 mauu
770 1091 889 1169 quidem
905 1092 1047 1151 obsistere
1063 1100 1112 1150 aut
1127 1092 1201 1151 reti-

93 1190 125 1243 Ιο
143 1194 219 1237 nere
234 1177 356 1237 militem
372 1177 477 1255 quiret,
492 1177 640 1255 proiectus
655 1176 686 1236 in
701 1176 803 1236 limine
818 1185 920 1254 portae
943 1176 1133 1237 miseratione
1149 1177 1201 1237 de-

141 1280 239 1331 mum,
256 1262 323 1341 quia
338 1280 391 1340 per
406 1280 513 1339 corpus
528 1263 612 1340 iegati
627 1262 759 1321 eundum
776 1271 847 1334 erat,
864 1261 967 1322 clausit
981 1263 1065 1322 viam.
1107 1262 1202 1321 Simul

140 1346 258 1407 aihum
278 1357 307 1407 et
328 1347 517 1407 centuriones
537 1347 644 1407 falsum
660 1365 798 1425 pavorem
815 1366 881 1407 esse
896 1348 1072 1407 docuerunt.
1118 1348 1202 1408 Tunc
1217 1358 1256 1414 67

141 1438 314 1493 contractos
340 1432 371 1491 in
395 1432 539 1511 principia
565 1432 719 1511 iussosque
746 1432 822 1492 dicta
842 1450 909 1492 oum
932 1432 1047 1491 silentio
1069 1433 1201 1511 accipere

140 1516 286 1597 temporis
301 1536 334 1577 ac
348 1517 533 1577 necessitatis
549 1526 660 1577 monet.
692 1518 786 1577 Unam
802 1518 833 1576 in
849 1517 937 1577 armis
953 1517 1088 1586 satutem,
1105 1518 1155 1591 sed
1168 1537 1201 1577 ea

93 1610 119 1663 ib
139 1602 265 1663 oonsiiio
286 1603 486 1680 temperanda,
509 1603 749 1681 manendumque
769 1604 847 1663 intra
863 1603 978 1669 vallum,
1001 1603 1095 1663 donec
1110 1622 1202 1680 expu-

139 1688 253 1767 gnandi
267 1688 367 1748 hostes
384 1707 436 1766 spe
452 1688 574 1766 propius
590 1688 796 1759 succederent3
812 1688 1026 1766 moriendique
1043 1705 1202 1766 erumpen-

140 1772 229 1833 dum:
242 1772 289 1833 iila
302 1773 457 1851 eruptione
469 1774 505 1832 ad
518 1773 655 1833 Rhenum
669 1773 827 1851 perveniri.
857 1772 1124 1849 Quodsiiugerent
1133 1774 1201 1851 plu·

138 1858 182 1919 ris
199 1856 296 1929 silvas,
309 1858 568 1936 profundasmagis
581 1858 710 1936 paludes,
726 1858 875 1918 saevitiam
889 1858 1018 1918 hostium
1029 1876 1200 1936 superesse:

139 1950 170 2005 at
187 1941 350 2003 victoribus
371 1944 471 2013 decus,
492 1944 623 2021 gloriam.
669 1944 750 2015 Quae
767 1944 939 2011 demicare,
961 1943 1083 2021 quaein
1099 1943 1201 2003 castris

93 2034 122 2087 ib
138 2028 276 2100 honesta,
293 2036 453 2100 memorat3
469 2029 586 2088 reticuit
602 2029 639 2088 de
654 2028 792 2089 adversis.
838 2029 937 2108 Equos
953 2029 1070 2099 dehinc,
1087 2047 1201 2088 orsusa

139 2162 238 2216 Numen
251 2165 297 2214 der
310 2163 520 2215 Geriithschalteu
537 2182 569 2213 zu
586 2180 644 2214 vcr-

140 2233 250 2283 meiden.

174 2300 200 2351 2.
227 2302 354 2367 funestae
382 2302 498 2350 tenebras
525 2300 644 2351 ‘Grabes-

141 2368 308 2433 basterniss',
329 2369 379 2418 wie
396 2368 423 2419 il.
437 2370 467 2420 31
484 2370 587 2435 ferales
608 2374 643 2418 te

140 2437 240 2487 mbrae.

173 2496 228 2555 bb·
255 2507 280 2555 5.
301 2507 443 2555 obturbaret
455 2502 531 2554 ‘wari
540 2505 643 2568 nicdcr¹‚

93 2588 96 2595 ’
141 2570 346 2623 victiliana
365 2574 504 2638 Postquam
523 2573 644 2640 impulsos

138 2643 222 2691 &nsit
233 2642 370 2703 Antonios,
391 2642 466 2692 denso
487 2644 590 2705 agnaim
604 2643 644 2691 ob-

95 2728 98 2736 ·
138 2710 273 2760 mraaoat.

183 2780 208 2827 7.
245 2777 401 2838 decumana,
423 2784 645 2840 entgegengesetzt

138 2846 188 2897 der·
196 2848 335 2913 praetoria.
371 2846 460 2909 Veget.
475 2847 491 2896 l.
510 2848 541 2895 23
557 2847 644 2906 Porta,

137 2930 206 2981 qaae
235 2914 377 2981 appellator
411 2916 561 2980 praetorto,
601 2918 646 2962 oret

139 2984 266 3033 orientem
276 2986 388 3048 spectare
403 2983 475 3032 debet
493 2986 576 3041 (wenn
589 2983 644 3031 ihre

139 3050 223 3101 stelle
237 3051 307 3100 nicht
319 3051 398 3100 durch
414 3051 454 3100 dic
468 3051 556 3100 beiden
570 3051 645 3099 niich-

140 3126 199 3169 που
210 3116 347 3169 Umstiinde
360 3119 487 3169 bestimmt
500 3120 582 3179 wind),
600 3122 645 3167 aad

141 3186 217 3237 titum
238 3186 337 3247 Iocum,
368 3189 412 3250 qai
432 3189 514 3236 bootes
534 3189 642 3253 respicit,

140 3258 197 3317 atet,
210 3256 237 3305 ei
247 3256 299 3303 iter
309 3258 399 3319 agitor
415 3257 473 3317 (und
492 3256 551 3304 koin
563 3254 644 3304 Feind

142 3322 174 3373 th
185 3323 241 3387 iet),
260 3321 333 3372 illam
351 3328 452 3389 partam
471 3323 542 3372 debet
563 3327 643 3373 attam

141 3388 208 3452 dere,
221 3389 394 3455 aequamen
412 3394 577 3459 prosector-ne
597 3407 643 3440 en·

138 3462 241 3509 unitas.
286 3459 436 3508 Ausserdem
459 3460 506 3522 gab
529 3475 556 3509 es
579 3460 644 3508 zwei

140 3526 310 3589 &manthana
327 3529 479 3595 principalis
491 3528 583 3577 dentre
595 3527 645 3577 und

144 3596 260 3645 amatre.

177 3678 268 3715 mea
289 3664 355 3712 besta
374 3664 424 3713 wic
441 3665 502 3713 Sall.
527 3663 544 3713 Ι.
568 3664 610 3727 93,
630 3664 644 3712 2

148 3726 232 3793 tneo,
258 3731 325 3796 quod
351 3746 469 3783 aversana
496 3733 645 3799 proeliante·-

147 3798 266 3850 meet.
302 3799 352 3849 Des
365 3798 544 3851 Gewiihnliche
566 3802 595 3851 Η.
616 3799 645 3850 11.

148 3866 178 3915 m
189 3882 294 3919 meae
303 3882 320 3917 a
331 3868 440 3918 comedite
452 3868 516 3919 betti.

180 3926 229 3989 b‘b.
249 3936 289 3987 14.
308 3939 475 4002 temporisne
489 3940 647 3988 necessitatis

699 2170 790 2214 enarret.
809 2164 837 2214 ΙΙ.
852 2166 883 2214 43
902 2164 1052 2214 Plancinam
1071 2166 1135 2214 leant
1155 2164 1201 2214 da-

699 2235 737 2282 bte
756 2236 878 2295 ,degesta
904 2236 1003 2282 artoarait
1033 2234 1203 2283 novitatatione

698 2303 819 2351 anattiebri
848 2303 1021 2367 Agrippinam
1054 2301 1202 2350 insectandi.

699 2371 758 2420 Dies
771 2370 807 2420 ist
818 2384 881 2431 ganz
895 2385 955 2429 neu3
974 2370 1011 2419 alt
1023 2370 1071 2419 und
1084 2370 1203 2432 ganohn-

697 2439 749 2487 lich
762 2439 806 2487 der
819 2437 923 2487 Genitiv
936 2436 1036 2486 beiden
1049 2438 1203 2502 Compositis

697 2506 1201 2571 adrnoncmcommoneo,coenanonesaeim

700 2577 761 2624 aber
773 2576 837 2623 auch
849 2574 918 2622 nicht
929 2574 974 2623 mit
986 2575 1041 2624 dem
1049 2572 1203 2624 Gennadium

701 2644 762 2692 oder
775 2641 953 2691 Gerundivum.

736 2713 774 2762 15.
793 2710 1201 2777 eapagnandtboetesspeWort-

700 2779 901 2842 verschiebung,
929 2795 968 2827 wo
995 2778 1054 2828 kain
1080 2779 1203 2829 Missver-

701 2847 829 2896 st'aindniss
842 2847 949 2908 miiglich
965 2847 1008 2896 ist.
1052 2846 1110 2910 Vgl.
1132 2846 1200 2898 XIV.

701 2916 716 2964 2
742 2915 833 2965 ardore
861 2915 1004 2966 retinendae
1029 2917 1202 2983 Agrippinam

697 2986 824 3050 potentiae
841 2999 869 3033 eo
880 2999 957 3048 aeque
965 2988 1116 3050 prrooeetom.
1134 2981 1200 3033 XlH.

698 3054 731 3101 54
743 3056 857 3118 ereptam
875 3054 917 3101 ins
934 3052 1027 3117 tegatis
1047 3051 1155 3103 diaconali
1174 3056 1202 3102 a'n

698 3122 802 3169 bostem.
821 3120 891 3169 (then
904 3137 925 3169 c.
938 3121 971 3169 28
992 3120 1052 3170 bana
1073 3121 1141 3170 claro
1160 3136 1199 3170 re·

695 3192 770 3254 pente
791 3187 860 3237 coeio
880 3191 934 3238 ansa
960 3189 1137 3253 tongiaeseerm
1169 3189 1200 3239 39

698 3272 843 3320 regressam
864 3259 918 3306 iane
943 3261 1006 3324 opat
1027 3273 1103 3307 oraro
1127 3255 1200 3309 Ubio-

698 3340 756 3374 rem
776 3323 955 3374 Gemmanteam
973 3325 1076 3388 aderent,
1097 3326 1129 3375 to
1139 3341 1200 3391 par·-

698 3409 757 3442 oam
777 3396 835 3442 sina
862 3393 945 3457 finam
966 3410 1067 3459 gorens.
1111 3392 1140 3443 ti.
1168 3394 1200 3442 35

697 3459 825 3510 Audiente
850 3463 910 3511 boec
934 3460 1031 3511 Tiberio
1057 3477 1087 3511 ac
1111 3461 1201 3510 sitente

697 3531 802 3593 magnis
835 3533 964 3594 utrimque
1002 3529 1201 3579 contentionibus

698 3601 762 3658 aeta,
775 3612 814 3645 wo
827 3600 889 3647 baec
901 3597 1004 3661 Subject
1017 3614 1046 3646 nu
1058 3601 1124 3646 aete.
1155 3597 1201 3646 ee-

699 3666 806 3716 sonderc
829 3665 955 3716 Ursachen
981 3681 1067 3715 waren
1088 3664 1155 3718 XIV.
1177 3665 1200 3716 3.

736 3803 773 3851 19.
801 3817 864 3865 qnae
879 3803 904 3849 ia
917 3803 1010 3850 cestria
1021 3802 1132 3850 honesta.
1150 3802 1202 3852 Der

699 3868 751 3919 Rus
769 3869 839 3919 ihrer
860 3867 1023 3933 Tapterkcit,
1045 3870 1201 3933 ssewabrung

700 3938 745 3987 der
757 3936 933 3999 Feldzeichen,
950 3937 1091 4002 iiberhaupt
1102 3938 1144 3989 die
1156 3938 1201 3988 nai-
