2646 4404
122 238 258 293 am)

325 226 368 277 ΑΒ
385 224 534 277 EXGESSU
551 224 618 279 nivi
634 220 777 277 AUGUSTI
788 222 829 275 lss.
847 226 889 277 50.
902 226 944 277 51.
956 226 998 279 52.
1011 226 1054 277 53.

1129 226 1192 288 215

124 380 179 461 qni
202 382 371 443 inmensum
398 386 574 459 proruperat
595 380 631 440 ad
651 386 764 449 cuncta,
786 379 852 457 quis
871 380 997 458 pecunia
1018 380 1194 459 prodigitur.

125 466 187 529 Sed
208 466 264 527 alia
285 474 471 545 sumptuum,
493 466 627 545 quamvis
646 463 791 543 graviora,
815 464 1003 526 dissimulatis
1018 467 1193 545 plerumque

126 551 233 633 pretiis
248 552 482 617 occultabantur;
498 551 609 610 ventris
625 560 654 611 et
669 568 780 628 ganeae
795 561 914 629 paratus
931 552 1062 611 adsiduis
1079 569 1196 611 sermo-

127 636 217 699 nibus
241 638 346 715 vulgati
360 637 492 697 fecerant
508 654 619 705 curam,
635 653 674 695 no
690 635 828 713 princeps
844 637 983 715 antiquae
998 637 1196 714 parsimoniae

87 730 106 781 t
127 722 234 784 durius
249 723 423 782 adverteret.
447 722 519 781 Nam
536 721 698 799 incipiente
711 720 740 780 C.
754 720 858 780 Bibulo
874 722 965 780 ceteri
981 741 1100 801 qrnnpuc
1115 721 1198 781 aedi-

126 808 172 869 les
188 808 390 868 disseruerunt
405 807 505 885 sperni
520 806 734 884 sumptuariam
750 806 842 882 legem
861 806 1009 885 vetitaque
1021 807 1197 866 utensilium

127 892 225 973 pretia
245 892 342 971 augeri
366 893 395 951 iu
419 893 480 951 dies
503 912 557 951 uec
578 890 778 951 mediocribus
799 892 939 951 remediis
960 892 1024 951 sisti
1045 910 1142 971 posse,
1167 900 1197 951 et

127 979 257 1039 consulti
278 987 377 1056 patres
398 977 548 1055 integrum
564 977 593 1036 id
609 976 761 1054 nogotium
778 976 813 1036 ad
829 977 993 1056 principem
1010 978 1197 1037 distulerant.

128 1064 190 1125 Sed
204 1063 341 1123 'liberius
357 1081 444 1142 saepe
460 1063 538 1141 apud
555 1082 586 1121 se
600 1062 758 1139 pensitato,
782 1080 820 1121 an
836 1062 966 1123 coirccri
981 1070 1042 1122 tam
1058 1062 1197 1141 profusae

80 1148 116 1213 td
128 1146 286 1227 cupidines
306 1157 440 1226 possent,
461 1167 532 1207 uum
554 1147 691 1207 coincitio
712 1146 778 1224 plus
800 1146 898 1206 damni
922 1148 951 1207 in
972 1146 1197 1225 rempublicam

129 1232 233 1305 ierret,
245 1252 334 1312 quam
347 1233 518 1293 indecorum
531 1234 701 1299 adtrectare,
717 1232 797 1309 quod
810 1250 869 1291 uon
882 1232 1030 1292 obtineret
1043 1234 1087 1292 val
1099 1239 1199 1292 retcn-
1241 1244 1245 1251 ·

128 1328 195 1380 turn
217 1318 407 1396 ignominiam
430 1328 458 1378 et
477 1318 630 1377 inlamiam
648 1318 777 1377 virorum
795 1317 965 1377 inlustrium
983 1327 1128 1395 posceret,
1143 1336 1199 1396 po-

129 1412 245 1465 stremo
260 1404 371 1464 litteras
388 1404 423 1464 ad
437 1413 572 1464 senatum
585 1402 762 1480 composuit,
779 1421 903 1481 quarum
917 1406 1063 1462 sententia
1076 1403 1107 1461 iu
1119 1402 1200 1462 hunc

80 1548 84 1565 ,
130 1489 256 1549 modum
278 1490 342 1548 fuit.
374 1489 485 1549 t'eteris
501 1490 624 1548 forsitan
641 1489 671 1547 iu
687 1487 788 1555 rebus,
804 1496 903 1565 patres
919 1488 1087 1567 conscripti,
1104 1487 1199 1565 magis
1214 1501 1255 1555 53

80 1574 112 1655 {dt
129 1575 266 1653 expediat
282 1594 329 1635 me
345 1594 445 1634 coram
459 1574 637 1651 interrogari
653 1581 681 1632 et
697 1574 803 1640 dicere,
831 1573 903 1650 apud
920 1592 983 1633 cre
998 1572 1113 1651 publica
1128 1590 1198 1633 cen-

128 1678 230 1731 seam3
264 1660 296 1719 in
324 1660 379 1719 bac
398 1659 539 1719 relatione
561 1658 693 1718 subtrahi
711 1659 812 1717 oculos
829 1677 912 1717 mcos
935 1659 1039 1718 melius
1065 1659 1132 1730 iuit,
1161 1677 1200 1718 ue

128 1784 270 1831 sereonas
280 1778 421 1844 proditione
432 1783 557 1843 srispecta.
571 1777 638 1827 Xlll.

129 1850 165 1899 29
183 1848 281 1896 ambitu
301 1848 493 1912 suffragiorum
516 1851 638 1912 sris-pacto.

128 1915 196 1967 Sall.
209 1916 239 1965 ll.
251 1912 268 1963 l.
282 1915 315 1963 20
329 1913 384 1975 lin,
399 1914 468 1966 1811«
491 1914 552 1975 (iaris
564 1916 639 1963 rebus

128 1982 207 2035 Sulla
221 1986 348 2048 suspectis
364 1985 528 2047 nranirnequc
539 1984 640 2047 ferocia

127 2054 205 2117 regis
217 2049 377 2101 ,lliilrridatis
395 2054 420 2100 in
438 2055 548 2116 ternpore
564 2051 640 2099 della-

129 2123 195 2183 iari,
210 2119 353 2183 Quintilian
367 2119 416 2167 und
430 2120 533 2168 Sueten.

166 2191 192 2239 5.
211 2187 293 2239 Uebcr
304 2186 442 2237 adverteret
453 2203 485 2235 zu
498 2186 526 2235 ll.
542 2188 582 2236 32.

167 2256 192 2305 6.
211 2258 401 2321 surrrptaariarn
413 2256 500 2318 legem.
533 2255 598 2304 Gell.
611 2253 639 2303 ll.

129 2324 176 2387 2⁴,
191 2325 223 2376 14
240 2326 377 2373 Postrema
398 2323 523 2371 laetalia
544 2322 580 2370 ad
596 2337 641 2387 po-

196 2408 223 2441 m
240 2395 368 2458 perrenit,
392 2392 499 2439 Caesare
519 2393 641 2453 Augusto

130 2464 276 2527 sumente
293 2460 335 2521 (22
355 2476 377 2508 ν.
400 2460 443 2508 Cb.
467 2459 512 2506 llio
528 2458 592 2508 Lll'.
607 2458 641 2522 2),

131 2544 186 2595 aaa
196 2529 322 2595 profestis
333 2527 431 2591 quidem
446 2527 533 2576 dr'rbus
542 2526 644 2576 diarruti

127 2598 278 2663 finitimam,-
297 2595 414 2645 lraiendis
431 2594 514 2643 idibus
532 2598 605 2643 nortis
617 2599 643 2644 et

132 2665 197 2715 aliis
205 2664 354 2729 quibasdam
359 2666 441 2728 jectis
450 2666 568 2722 tr·ecrnti,·
580 2678 642 2727 irrip-

133 2736 182 2785 tiis
193 2737 279 2782 autam
291 2737 315 2781 et
328 2734 432 2796 repotiis
444 2733 556 2781 sestertii
565 2731 640 2780 mille.

131 2802 200 2851 Esse
210 2804 288 2850 etiam
301 2801 365 2849 dicit
378 2801 462 2865 tbpiio
474 2802 563 2847 :licius
574 2798 643 2848 edic·

131 2874 198 2930 turm
212 2869 419 2932 diuineAugrcsti
429 2884 462 2916 an
477 2866 571 2917 Tiberii
583 2868 643 2917 Cae-

132 2939 219 3001 saris,
242 2952 291 2985 nan
315 2940 380 2986 satis
403 2939 571 2999 corrrnremnn',
595 2952 643 2999 quo

132 3006 214 3055 edicio
232 3021 278 3071 per
295 3003 397 3055 dicrrim
413 3007 499 3053 carias
515 3004 642 3053 sollemni-

133 3078 203 3123 tates
217 3088 235 3121 a
251 3076 371 3122 trecentis
387 3076 511 3122 sestertiis
528 3073 642 3136 aditaque

133 3140 187 3193 dac
198 3144 317 3191 sestertia
328 3145 445 3205 saraptae
453 3156 576 3190 ceriarum
582 3156 642 3207 pro·

130 3213 249 3277 papatus
268 3214 312 3269 est,
333 3213 363 3258 at
383 3210 424 3257 iris
441 3210 529 3257 saitem
548 3210 642 3274 finitus

132 3278 258 3329 lanariae
273 3280 460 3341 effervescentis
475 3282 562 3326 eastris
573 3293 642 3327 cocr-

133 3350 242 3397 seretur.

171 3413 329 3464 amians.
351 3414 376 3463 S.
390 3429 422 3461 zu
434 3411 451 3461 l.
467 3414 507 3461 tu.

172 3483 195 3532 1.
212 3498 258 3531 nec
273 3481 441 3531 rnediocritas
452 3480 574 3530 remediis
585 3483 644 3529 sisti

133 3565 216 3618 posse.
243 3550 300 3599 Liv.
322 3549 361 3599 lu.
384 3550 454 3605 rus
473 3554 499 3597 ut
518 3552 644 3599 consuetis

135 3618 259 3671 remediis
270 3620 330 3667 sisti
339 3622 431 3683 posset.

172 3686 196 3737 8.
215 3686 323 3737 consulti
335 3690 431 3751 patres,
451 3701 500 3734 ron
517 3685 581 3747 dem,
599 3687 643 3734 der

135 3751 644 3816 deuSenothielt,jedeniallsrincuroder

136 3823 229 3873 beiden
243 3822 361 3872 Consuln.
386 3822 432 3871 lile
445 3822 549 3870 dedilcn
563 3821 644 3870 konn-

135 3900 180 3943 tcu
202 3892 272 3941 nicht
292 3888 433 3941 celarier-en
447 3892 477 3950 is.
490 3906 521 3939 zo
534 3888 573 3939 lll.
590 3891 644 3953 17);

694 1778 731 1826 sic
743 1779 830 1826 hatten
841 1778 902 1826 aber
911 1778 1030 1826 wiibrcnd
1040 1777 1201 1840 dchitznng

693 1846 739 1895 das
752 1846 830 1895 Wort
849 1861 994 1906 gcnonrmon
1012 1846 1061 1894 und
1079 1846 1136 1895 eine
1152 1844 1201 1894 lle-

693 1915 775 1963 lntion
789 1913 852 1962 iiber
864 1915 951 1963 diesen
966 1910 1129 1977 Gcgenstand
1141 1928 1201 1963 vcr-

694 1983 771 2044 langt,
786 1983 907 2031 walchem
920 1982 1067 2045 Vcrlangen
1079 1982 1125 2031 dcr
1134 1982 1201 2033 Vor-

694 2050 957 2114 sitzcudecntsprarb.
973 2049 1102 2112 igtxul.
1110 2049 1199 2099 21149.

727 2117 878 2167 distulerant
911 2119 1007 2167 ‘hatten
1037 2117 1200 2175 verwicsen’,

695 2187 845 2247 cigentlich:
865 2186 903 2235 sie
920 2186 1009 2235 butten
1026 2202 1053 2235 es
1067 2186 1202 2249 binsusge·

695 2254 803 2303 schoben
823 2254 862 2301 bis
880 2270 926 2302 zur
946 2254 1202 2317 lVillensiiussernng

695 2322 739 2371 des
753 2321 871 2370 Fiirstcn.
899 2322 1023 2370 riehnlich
1035 2320 1092 2371 Lir.
1105 2321 1201 2373 xxvi.

696 2393 736 2453 st,
747 2391 776 2440 10
791 2389 858 2450 Orias
868 2390 1028 2451 (legationes)
1037 2392 1135 2456 partim
1143 2388 1202 2439 dato

696 2474 813 2523 responso
832 2474 867 2505 em
879 2461 971 2506 itinere
982 2457 1087 2522 dimisit,
1103 2461 1203 2524 partim

695 2526 797 2575 distulit
812 2523 988 2587 Tarraconem,
1003 2528 1026 2575 d.
1039 2527 1061 2575 b.
1075 2525 1121 2576 eui
1130 2527 1202 2576 scine

696 2592 809 2644 Ankunit
830 2596 893 2643 narb
915 2592 1036 2643 Tarraco.
1065 2592 1130 2643 ΧΗ.
1150 2595 1202 2656 8,5

696 2664 777 2727 legati
788 2662 940 2725 Sardorum,
955 2664 999 2725 qui
1015 2663 1051 2711 ad
1060 2677 1135 2712 riores
1146 2678 1202 2712 ma-

693 2734 825 2796 gistratus
836 2730 910 2779 dilati
921 2734 1009 2779 erant:
1027 2731 1066 2779 bis
1079 2748 1110 2779 zu
1122 2731 1203 2780 ibrenr

696 2799 939 2860 Amtsant1·itt,wns
953 2814 981 2847 cr
995 2816 1015 2848 c.
1031 2800 1055 2859 ii,
1067 2800 1080 2847 7
1090 2799 1203 2848 mitdenr

696 2867 887 2930 gewdhnlicben
900 2867 1036 2915 nusuruck
1054 2868 1204 2917 bezeicbnct

695 2937 778 2984 hatte:
797 2935 865 2983 Haec
879 2934 973 2998 legatio
986 2939 1123 3000 toturnpue,
1137 2934 1205 2999 quod

696 3004 731 3053 ad
743 3001 891 3052 Sardiniam
905 3004 1061 3069 pertinebat,
1078 3003 1113 3052 ad
1127 3018 1203 3053 riores

696 3074 867 3136 aragistratus
880 3074 1004 3121 reiectum
1015 3076 1059 3121 est.

731 3146 754 3190 a.
773 3155 848 3204 saepe
866 3139 936 3205 apud
951 3157 979 3188 se
990 3143 1125 3205 pertritato.
1145 3137 1200 3189 xil.

698 3209 727 3259 17
742 3207 786 3256 dr'rt
797 3211 921 3274 pensitato
935 3225 959 3257 u.
973 3225 993 3257 s.
1006 3224 1039 3257 w.

733 3278 744 3325 1
753 3279 771 3327 1.
780 3292 856 3339 quam
865 3276 950 3338 l‘wic')
960 3277 1113 3326 indecorum.
1120 3273 1204 3325 Uebar

698 3344 743 3392 das
757 3345 936 3407 ausgclassenc
948 3349 1014 3394 esset
1027 3361 1057 3393 zu
1073 3346 1093 3394 1.
1111 3346 1133 3393 7.

731 3414 859 3473 obtineret,
881 3413 1028 3476 cigentlicb‚
1051 3413 1102 3461 wie
1123 3415 1204 3460 reterr-

697 3485 758 3543 tum,
771 3480 938 3545 ‘bebauptcn',
949 3481 971 3529 d.
984 3482 998 3529 i.
1012 3480 1202 3529 ‘uui-chsetzen’.

697 3548 727 3597 ll.
740 3547 768 3596 ll.
783 3548 815 3597 84
834 3552 887 3614 ipso
901 3547 1059 3613 Vespasiano
1075 3550 1142 3595 inter
1153 3549 1204 3595 ini-

698 3619 737 3665 tia
747 3619 853 3681 imperii
861 3616 896 3665 ad
903 3616 1051 3665 obtinendas
1057 3616 1204 3679 iniquitates

698 3684 769 3733 baud
778 3685 881 3750 perinde
893 3684 1043 3733 abstinente.

733 3744 785 3803 53·
813 3753 850 3803 lli.
878 3753 997 3801 subtrahi
1018 3751 1102 3801 oculos
1124 3767 1203 3801 meos.

698 3822 727 3870 Α.
742 3823 775 3870 15
787 3818 855 3869 li'ero
873 3823 958 3869 tamen
975 3821 1106 3869 subtranit
1120 3819 1205 3870 oraim

698 3905 766 3939 suos.
