2646 4404
126 204 201 260 pon.
217 208 255 259 ae)
340 195 383 246 ΑΒ
402 195 552 249 EXCESSU
570 196 636 249 lllVl
654 196 797 249 AUGUSTI
815 197 855 248 lV.
876 200 915 250 16.
936 199 1027 250 tate.
1137 198 1198 261 257

125 362 258 425 rumque
280 349 415 430 exemplo
435 351 527 411 ceteri
544 351 728 423 sacerdotes,
748 368 815 412 eum
833 366 887 430 pro
900 351 1103 413 incolumitate
1114 353 1199 433 prin-

124 430 201 513 elpis
228 438 298 493 vota
318 434 510 514 susciperent,
538 434 685 496 Neronem
708 454 826 516 quoque
848 443 876 497 et
890 436 1018 497 Drusum
1034 437 1139 498 iisdem
1155 438 1199 498 dis

125 516 385 589 commendavere,
398 536 461 580 non
474 528 533 580 tam
545 521 667 581 caritate
675 520 816 582 iuvenum
827 539 916 600 quam
925 520 1111 595 adulatione3
1124 540 1199 601 quae

122 599 263 662 moribus
279 605 427 683 corruptis
442 604 567 683 perinde
580 622 697 684 anceps,
713 605 737 666 si
750 604 827 666 nulla
841 614 871 666 et
882 605 932 666 ubi
945 605 1036 666 nimia
1047 614 1101 667 est.
1124 607 1198 667 Nam

87 696 105 745 a
123 684 276 757 liberius,
288 686 365 748 baud
374 707 514 769 umquam
526 690 803 751 domuiGermanici
816 691 906 761 mitis,
922 700 985 751 tum
1000 710 1069 752 vero
1082 692 1202 770 aequari
1269 697 1272 744 ἓ

123 768 335 832 adulescentes
352 782 488 835 senectae
503 793 574 835 suae
590 775 768 855 inpatienter
789 774 915 836 indoluit
935 776 1102 855 accitosque
1122 794 1199 854 pon-

122 852 224 916 titlces
238 865 431 935 percontatus
448 866 501 929 est,
518 876 592 920 num
604 861 632 919 id
645 859 784 939 precibus
792 859 968 940 Agrippinae
981 869 1031 921 aut
1043 860 1132 920 minis
1144 861 1198 920 tri-

122 936 276 1002 buissent.
293 940 330 1002 Et
341 942 382 1002 illi
395 943 527 1022 quidem,
539 963 719 1024 quamquam
732 944 908 1016 abnuerent,
921 945 1037 1006 modice
1049 945 1198 1024 perstricti

127 1024 259 1101 (etenim
281 1044 349 1105 pars
369 1046 475 1108 magna
496 1049 512 1089 e
533 1029 709 1108 propinquis
729 1029 822 1108 ipsius
843 1036 893 1090 aut
908 1030 1055 1108 primores
1072 1029 1198 1091 civitatis

87 1124 105 1177 n
124 1110 244 1185 erant)3
261 1118 393 1172 ceterum
408 1113 439 1173 in
455 1123 561 1175 senatu
578 1113 712 1174 oratione
727 1114 847 1174 monuit
860 1114 892 1174 in
904 1121 1066 1192 posterum,
1082 1114 1199 1193 nequis

123 1193 255 1256 mobiles
271 1195 504 1258 adulescentium
520 1198 636 1259 animos
650 1199 846 1278 praematuris
861 1199 1026 1259 honoribus
1041 1199 1078 1259 ad
1093 1214 1200 1277 super-

122 1278 209 1341 biam
226 1280 388 1342 extolleret.
410 1282 543 1343 Instabat
560 1283 667 1362 quippe
679 1284 805 1344 Seianus
821 1283 1032 1362 incusabatque
1048 1284 1197 1344 diductam

124 1362 277 1425 civitatem
295 1372 328 1426 ut
344 1366 419 1427 civili
435 1369 529 1441 bello,
545 1387 620 1437 esse,
637 1368 687 1447 qui
704 1388 736 1428 se
749 1368 879 1447 partium
892 1368 1071 1447 Agrippinae
1083 1376 1198 1438 vocent,

87 1528 89 1535 Ι
124 1464 164 1511 ac
178 1450 211 1509 ni
222 1450 388 1522 resistatur,
403 1454 468 1513 fore
480 1453 587 1532 pluris;
604 1470 702 1532 neque
717 1452 797 1513 aliud
809 1453 960 1530 gliscentis
973 1453 1136 1513 discordiae
1146 1470 1198 1513 re-

88 1536 107 1591 a
126 1534 275 1608 medium,
291 1554 380 1615 quam
397 1537 421 1598 si
438 1555 516 1598 unus
531 1539 639 1599 alterve
656 1538 785 1598 maxime
799 1539 929 1617 prompti
941 1538 1197 1599 subverterentur.

124 1618 194 1693 Qua
216 1638 303 1682 causa
327 1621 357 1682 C.
375 1622 479 1683 Silium
503 1631 532 1682 et
554 1620 666 1683 Titium
690 1623 835 1684 Sabinum
858 1623 1034 1702 adgreditur.
1062 1622 1197 1684 Amicitia
1221 1630 1255 1686 te

125 1702 299 1766 Germanici
320 1708 487 1785 perniciosa
502 1707 632 1786 utrique,
656 1707 728 1768 Silio
744 1717 775 1768 et
790 1709 880 1788 quod,
904 1709 1033 1786 ingentis
1049 1707 1196 1768 exereitus

124 1796 245 1869 septem
262 1808 314 1870 per
328 1809 425 1853 annos
441 1792 613 1853 moderator
626 1793 778 1873 partisque
793 1794 871 1872 apud
885 1792 1074 1854 Germaniam
1090 1792 1198 1853 trium-

124 1872 268 1954 phalibus
280 1876 472 1938 Sacroviriani
484 1876 555 1937 belli
568 1877 670 1950 victor,
684 1884 795 1958 quanto
808 1878 920 1939 maiore
932 1879 1010 1938 mole
1022 1877 1196 1957 procideret,

87 1959 197 2039 opius
211 1958 379 2022 formidinis
395 1962 427 2022 in
443 1963 515 2024 alios
538 1958 782 2041 dispergebatur.'
796 1962 964 2023 Credebant
977 1962 1112 2041 plerique
1127 1979 1198 2022 aue-

125 2052 191 2107 tam
208 2046 406 2107 offensionem
421 2048 514 2126 ipsius
528 2047 768 2125 intemperantia,
784 2048 941 2108 immodice
957 2047 1094 2107 iactantis
1109 2065 1197 2107 suum

127 2130 254 2191 militem
266 2131 298 2191 in
310 2131 453 2211 obsequio
466 2133 626 2202 duravisse,
643 2151 711 2193 cum
723 2133 770 2193 alii
783 2133 818 2193 ad
831 2131 992 2192 seditiones
1004 2131 1197 2210 prolaberen-

167 2342 191 2392 1.
225 2352 272 2405 pro
300 2338 474 2389 incolumitate
502 2341 637 2407 principia,

127 2420 171 2461 m
184 2406 245 2457 dten
256 2407 357 2456 ianuar.
379 2405 458 2470 (lajas
477 2407 533 2469 Dig.
552 2405 580 2456 L.
597 2409 635 2467 tc,

127 2472 181 2525 233
198 2473 215 2538 ξ
235 2477 246 2527 1
267 2474 330 2524 Posi
351 2474 471 2524 lalandm
498 2476 637 2525 Ianuarias

125 2542 170 2595 clio
186 2544 265 2592 lertio
281 2557 329 2608 pro
346 2541 427 2592 salute
434 2545 567 2659 (principis
579 2547 637 2592 uota

127 2612 312 2677 exsufflantur.
346 2610 414 2661 Plut.
454 2610 486 2660 ic.
515 2606 637 2677 ἳὴμέρᾳ

129 2680 208 2763 {plin
239 2676 293 2730 aar
320 2679 390 2730 otor
419 2677 579 2742 καλανδῶν,
608 2680 638 2731 ἐν

127 2749 217 2817 paria
239 2744 268 2795 ol
284 2741 302 2795 ἄ
317 2762 414 2812 χονιες
437 2742 564 2813 εὔχονται
591 2749 638 2797 καὶ

127 2804 249 2866 edacem
267 2762 337 2882 drale
355 2813 403 2864 τοῦ
421 2810 436 2876 ἡ
455 2805 561 2882 εμόνος.
588 2816 636 2865 Dio

127 2880 197 2934 ΠΧ.
217 2881 259 2932 21.
293 2882 346 2932 Fiir
365 2883 412 2932 den
431 2832 505 2932 dieat
527 2884 637 2945 geschah

127 2949 248 3003 (lessellis
267 2965 306 3001 am
327 2956 385 3003 ltcn
404 2951 459 3000 lan.
478 2950 521 3000 lV.
541 2952 580 2999 to.

163 3036 188 3086 5.
202 3038 257 3083 bam
268 3051 325 3085 vero
338 3036 429 3100 gehdrt
438 3051 469 3084 zu
481 3039 638 3102 inpatienter

127 3102 253 3161 a‘adalut'i,¹
265 3118 323 3155 uero
335 3105 372 3155 iat
385 3103 455 3154 bloss
467 3105 637 3166 asseverativ‚

127 3172 195 3223 ‘erat
207 3170 295 3223 reoht’.

163 3259 189 3309 8.
208 3273 363 3324 quamquam
375 3257 515 3307 chaumont
524 3258 636 3308 undalso

125 3325 189 3377 siclt
200 3325 278 3377 allein
290 3326 330 3375 als
343 3325 460 3387 schuldig
473 3325 625 3375 bekannten.

164 3408 217 3471 18·
239 3420 277 3468 l'l.
288 3417 352 3470 Silio
362 3424 387 3469 et
398 3421 455 3481 (hoo
466 3419 638 3484 perniciosum

125 3487 205 3548 παι)
225 3486 300 3552 quod.
330 3488 376 3537 Die
399 3488 580 3538 construction
603 3487 638 3536 ist

126 3554 198 3620 quod
204 3554 264 3623 plus
274 3555 424 3620 formidinis
432 3555 637 3620 dispergebatur,

127 3626 225 3688 quanto
236 3626 336 3673 maiore
344 3625 407 3674 mole
414 3622 567 3689 procideret:
581 3639 637 3672 aum

127 3689 237 3755 subject
248 3692 293 3743 des
305 3692 401 3742 letzten
413 3691 536 3742 Verbums
548 3692 584 3741 ist
596 3693 636 3740 in-

123 3761 217 3823 gentis
228 3787 262 3796 —
273 3762 351 3810 victor
361 3759 519 3824 Apposition,
535 3759 576 3808 die
589 3761 637 3808 den

129 3824 218 3876 Grnnd
231 3828 326 3890 angibt.
346 3828 409 3876 Eine
422 3826 539 3877 dhnlicbe
552 3828 636 3892 Appo-

183 3929 300 3969 Coruelius
314 3928 400 3969 Tacitus
415 3929 432 3971 1.
446 3933 466 3971 5.
481 3927 538 3968 Aut.

692 2338 773 2388 sition
786 2353 842 2387 zum
854 2337 999 2388 Nebensatz
1015 2335 1059 2386 Xl.
1075 2335 1105 2385 21
1126 2337 1199 2385 Post-

691 2421 767 2471 quam
785 2405 896 2468 adoleuit,
922 2409 1028 2454 sectator
1048 2407 1198 2470 quaestoris,

692 2477 736 2523 cui
744 2475 843 2538 Africa
855 2475 988 2538 obtigerat,
998 2471 1061 2522 duan
1072 2475 1100 2521 in
1109 2471 1198 2539 oppido

690 2540 836 2592 Adrumeto
853 2543 940 2591 vacuis
958 2556 1006 2606 per
1017 2539 1130 2590 medium
1149 2538 1200 2589 diei

690 2611 832 2676 porticibus
855 2613 965 2659 secretus
995 2611 1090 2674 agitat,
1115 2607 1199 2656 oblata

692 2680 828 2742 alopecias
848 2694 872 2726 u.
886 2692 906 2727 s.
920 2694 951 2726 w.
980 2678 1050 2726 Auen
1068 2675 1098 2724 ll.
1111 2674 1141 2725 ll.
1165 2676 1194 2726 61

694 2745 787 2811 Captus
810 2748 838 2794 in
859 2760 888 2794 eo
905 2744 1002 2811 proelio
1022 2741 1149 2795 Mariccus
1169 2758 1199 2791 ac

692 2828 756 2862 anax
767 2814 835 2876 feris
847 2815 958 2862 obiectus
970 2814 1029 2876 quia
1046 2827 1095 2861 non
1114 2809 1199 2859 lania·

693 2882 777 2942 batur,
791 2880 911 2930 stolidum
923 2878 1016 2944 numus
1032 2878 1199 2929 inviolabilem

693 2947 809 2998 credebat
830 2964 885 2998 war
905 2963 933 2997 es
951 2948 1139 3010 gewdhnliehcr
1158 2946 1198 2995 dic

694 3024 781 3066 ersten
803 3014 896 3066 Worte
923 3032 979 3064 zum
1000 3017 1139 3080 Hauptsatz
1169 3029 1200 3063 zu

694 3084 776 3132 niehn.
787 3113 819 3120 -
830 3083 867 3133 Da
876 3085 926 3133 wir
936 3084 1016 3133 Silius
1029 3083 1056 3132 in
1066 3084 1111 3132 der
1121 3082 1200 3132 awei-

693 3161 735 3202 ten
749 3151 834 3201 Hiilite
855 3154 899 3201 des
922 3152 944 3201 J.
961 3153 991 3201 14
1009 3169 1032 3200 n.
1053 3150 1097 3200 Ch.
1115 3150 1155 3200 als
1167 3149 1201 3200 lo·

689 3223 769 3284 gatus
778 3234 828 3285 pro
838 3224 953 3286 praetore
966 3220 991 3268 in
1007 3218 1145 3273 Gcmnania
1157 3233 1201 3266 su-

689 3290 775 3354 perior
793 3289 874 3337 finden
896 3286 922 3349 (l.
938 3289 978 3346 31,
998 3304 1038 3336 wo
1051 3305 1083 3337 m.
1097 3288 1137 3347 s),
1150 3286 1200 3334 und

693 3372 722 3404 er
734 3356 773 3404 als
786 3356 888 3405 solelrer
901 3356 930 3404 21
947 3374 970 3404 n.
985 3356 1028 3404 Ch.
1047 3357 1094 3404 den
1108 3353 1201 3402 Sacro-

693 3423 735 3472 vir
755 3423 870 3486 besiegte
892 3422 940 3484 llll.
960 3425 1011 3484 45),
1034 3437 1062 3471 so
1081 3420 1141 3469 liillt
1163 3420 1204 3468 die

693 3491 865 3542 Uebarnahmc
888 3491 938 3540 und
962 3490 1006 3538 das
1025 3489 1095 3538 Ende
1118 3489 1203 3536 seinos

693 3558 858 3608 Commendos
878 3558 904 3606 in
923 3558 964 3606 die
984 3557 1046 3610 eben
1060 3562 1201 3618 genennten

692 3627 776 3676 lahre.
796 3626 843 3676 llic
857 3624 1024 3690 triumphalia
1043 3623 1160 3686 erlungte
1173 3638 1202 3672 er

692 3702 767 3744 unter
782 3693 953 3752 Germanicus,
971 3695 1000 3742 15
1015 3709 1038 3740 n.
1053 3691 1096 3740 Ch.
1111 3691 1129 3739 l.
1144 3690 1184 3738 72.

727 3762 768 3812 21.
787 3777 863 3810 suum
880 3758 986 3809 tuditem
1004 3789 1037 3796 —
1056 3759 1200 3810 duravisse.

692 3831 717 3879 S.
730 3827 747 3877 l.
762 3830 802 3878 31.
816 3829 856 3877 at.
870 3831 912 3878 lto.

955 3931 986 3983 l'l

1282 1286 1297 1317 Ι
