2646 4404
181 252 243 314 348
582 246 844 302 connaturalem
1136 258 1166 308 (ι,
1178 262 1242 303 ..uec

120 412 160 466 21
176 405 290 467 maluit.
314 406 394 479 Quin
409 412 438 465 et
452 405 585 466 invectus
601 403 634 465 in
649 404 835 476 defunctum,
850 401 961 482 probra
978 400 1135 482 corporis,
1149 400 1241 463 exitia

177 491 268 552 bilem
283 492 315 551 in
330 509 411 560 suos,
426 490 580 551 infensum
595 489 639 550 rei
651 490 787 568 publicae
799 487 933 549 animum
945 487 1066 549 obiecit
1076 486 1240 569 recitarique

177 577 323 637 sactorum
345 576 553 654 dictorumque
575 575 637 635 eins
657 575 804 654 descripta
827 593 879 653 per
902 574 968 634 dics
982 573 1241 653 iussit;.quonon

177 661 254 721 aliud
270 661 399 722 atrocius
414 661 522 721 visum.
544 660 701 721 adstitisse
712 667 757 720 tot
768 678 822 739 per
833 676 938 730 annos,
952 658 1241 739 quivultumgcmi-

177 756 237 816 tus,
253 747 400 806 occultum
416 747 506 806 etiam
522 764 660 806 murmur
675 744 853 824 exciperent,
870 752 899 805 et
910 745 1053 822 potuisse
1066 762 1157 805 auum
1167 742 1264 805 audi-⁵

175 851 219 904 re,
235 832 341 908 legere,
356 831 387 891 in
402 830 555 909 publicum
571 849 720 910 promere,
733 829 782 889 uix
796 829 880 901 fides,
890 828 950 890 nisi
962 829 1049 909 quod
1061 829 1138 891 Attii
1150 836 1242 891 centu·

175 917 269 976 rionis
286 924 315 976 et
331 916 447 995 Didymi
459 915 560 977 liberti
572 916 715 995 epistulae
725 933 880 975 servornm
892 915 1018 977 nomina
1031 913 1242 994 praeferebant,

174 1010 209 1062 ut
224 1001 290 1080 quis
306 1001 507 1078 egredientem
534 1002 669 1062 cubiculo
692 1001 821 1061 Drusum
842 1000 1036 1078 pulsauerat,
1059 1008 1241 1061 exterruerat

174 1086 269 1146 Etiam
292 1104 345 1146 sua
366 1086 455 1147 verba
476 1087 612 1148 centurio
633 1085 768 1146 saevitiae
788 1086 889 1164 plena,
910 1093 1074 1165 tamquam
1091 1085 1241 1165 egregium,

174 1190 321 1250 vocesque
337 1171 501 1232 deliciantis
518 1172 674 1241 adiecerat,
698 1170 764 1250 quis
779 1171 875 1249 primo
893 1167 1128 1251 [alienationem
1144 1172 1242 1233 mentis
1253 1172 1272 1223 ll

174 1253 331 1337 simulans]
348 1256 430 1336 quasi
445 1275 499 1335 per
513 1256 694 1318 dementiam
709 1259 827 1315 funesta
839 1255 968 1321 Tiberio.
982 1274 1068 1329 mox,
1081 1256 1137 1318 ubi
1149 1274 1242 1337 crepes

173 1341 251 1402 uitae
265 1343 331 1413 fuit,
347 1343 502 1403 meditatas
519 1343 757 1421 compositasque
772 1340 851 1400 airas
862 1339 1091 1421 inprecabatur‚
1102 1350 1151 1413 ut,
1162 1360 1240 1421 quen

175 1427 210 1486 ad
227 1427 351 1487 modum
367 1446 477 1488 nurum
493 1428 645 1506 filiumque
661 1426 760 1487 fratris
777 1434 806 1486 et
820 1435 946 1505 nepotes
967 1426 1165 1506 domumque
1186 1446 1241 1489 om·

172 1535 244 1580 const
257 1529 375 1577 scheineu
389 1528 496 1590 konnen,
516 1530 575 1578 dass
588 1529 629 1578 die
642 1527 680 1577 os·
734 1525 773 1575 lll.
788 1526 826 1588 16,
840 1528 873 1576 42
885 1542 1015 1592 magnam
1028 1532 1058 1578 te
1070 1528 1172 1593 secam
1182 1532 1241 1581 αδί-

171 1595 294 1647 fentliehe
315 1595 419 1645 Stimme
442 1595 488 1646 auf
509 1597 552 1646 ihu
568 1595 679 1646 Eiutluss
732 1596 819 1644 trare?
831 1594 872 1646 lV.
892 1595 915 1659 l,
932 1599 1096 1660 tmagnmm
1114 1596 1242 1651 naara-

170 1663 255 1729 geiibt.
275 1663 332 1727 Vgl.
347 1679 379 1712 zu
392 1662 420 1712 ll.
433 1663 475 1714 38.
493 1706 497 1713 .
733 1677 795 1713 aare.
806 1662 846 1721 26,
854 1664 885 1713 57
896 1664 1050 1715 incredibile
1059 1664 1162 1730 dimne,
1172 1664 1244 1719 aaa

205 1724 257 1781 2⁴·
297 1735 316 1783 1.
351 1733 449 1798 probra
479 1733 598 1797 corporis,
628 1732 679 1783 Uu-
733 1731 971 1798 alaram,ntipsaam
980 1738 1240 1799 nagaltanannm·

170 1799 327 1851 lenschheit.
360 1798 443 1850 [leber
466 1799 626 1849 eattaaba'lem
650 1803 678 1849 in
732 1799 819 1863 bitror,
841 1801 872 1849 ad
894 1798 923 1863 Q.
936 1798 969 1851 fr.
987 1799 1006 1851 l.
1027 1802 1084 1866 2,'l
1106 1802 1240 1854 valdem-

170 1867 413 1919 suosanimale.
426 1869 467 1918 60.
728 1869 900 1934 gnamfacu's,
918 1868 994 1918 Tusc.
1015 1869 1048 1922 V.
1066 1871 1113 1935 40,
1138 1870 1240 1925 nm

204 1938 228 1987 4.
266 1940 303 1986 tot
316 1951 462 2003 peronam.
482 1934 675 1985 satanael.
729 1951 812 1998 gnam
828 1950 885 1986 uero
902 1938 1027 2000 effecisti,
1045 1940 1073 1988 ai
1090 1940 1241 1991 amanam

170 2004 217 2055 Dio
231 2002 316 2056 LVlll.
329 2004 353 2054 3.
731 2006 782 2052 nim
794 2010 941 2056 oonaecataa
953 2021 997 2064 es‚·
1014 2005 1114 2057 Livius
1126 2006 1240 2059 xxxvl

204 2074 228 2124 6.
255 2072 384 2136 nisiqaod
397 2073 453 2121 ‘nur
470 2070 546 2121 duss’.
575 2070 678 2132 uigent·
733 2072 794 2130 36,2
807 2087 900 2122 nocam
909 2076 1241 2143 atpaeintqnumpostnlm

169 2141 233 2190 lieh:
254 2157 327 2191 wenu
344 2141 414 2190 nicht
430 2141 477 2189 deu
496 2137 611 2188 Glanbeu
632 2141 677 2189 cler
731 2143 770 2188 eat
786 2141 864 2190 nsua.
885 2139 1054 2192 Gauilhuliclr
1070 2144 1144 2193 wird
1163 2144 1188 2194 in
1204 2146 1241 2195 der

169 2209 234 2259 weit
261 2208 465 2259 schrecklichere
490 2207 612 2258 Umstaud
635 2223 677 2257 er·
732 2209 815 2257 litera
829 2208 908 2261 Prusa
917 2210 963 2259 clas
972 2209 1107 2263 Neutrum
1118 2212 1240 2264 eiuesll-

170 2292 292 2340 awuugeu
312 2278 390 2331 hatte.
411 2279 470 2327 dass
488 2291 545 2325 u.s.
559 2293 591 2326 w.
619 2276 676 2340 Vgl.
728 2275 825 2338 jectivs
840 2293 889 2326 nur
905 2277 944 2327 als
961 2276 1088 2330 Prlidieat
1107 2288 1240 2345 augment

169 2343 239 2394 XIV.
255 2346 293 2396 14.
312 2345 341 2394 Η.
356 2343 395 2394 lll.
411 2346 452 2396 28.
465 2347 494 2393 Α.
507 2347 531 2395 6.
733 2344 791 2405 acic.
805 2344 846 2393 off.
860 2344 876 2394 l
890 2346 915 2409 4,
929 2348 956 2397 11
980 2360 1123 2398 commum
1139 2354 1178 2399 est
1193 2352 1240 2401 ant

205 2413 228 2461 Ἰ.
258 2412 395 2479 epistulae,
419 2413 545 2479 Rupporte
572 2428 605 2462 an
629 2413 677 2463 den
730 2415 985 2463 aaaantiumomniam
996 2418 1238 2485 coniunctionisq-

169 2477 269 2530 llaiser.
727 2483 843 2547 paulam
863 2483 1011 2532 rassenden
1033 2491 1128 2535 sctzeu
1148 2487 1188 2537 rie
1203 2500 1239 2537 rat

203 2549 227 2598 9.
244 2552 375 2609 taracinam
387 2553 521 2614 egregiam
538 2548 585 2598 ‘als
597 2555 677 2598 etwas
731 2564 787 2597 zum
799 2548 927 2612 Adjoctiv.

167 2615 382 2684 Vortreffliches',
392 2617 506 2666 u'iellV.
517 2618 548 2666 14
557 2616 677 2666 adnectere
766 2618 804 2668 10.
814 2617 993 2667 alienationem
1003 2622 1104 2669 menits
1111 2619 1236 2683 dunelm,

169 2684 228 2734 deoc
239 2684 346 2748 dagarum
359 2685 554 2748 Arsacidarum,
569 2685 602 2734 34
611 2684 674 2748 Illic,
730 2685 789 2735 eine
805 2684 902 2735 lalselae
914 2685 1065 2750 erklarung
1083 2689 1134 2739 ‹ler
1154 2688 1236 2739 Wortt

166 2753 280 2819 plerique
291 2758 320 2802 at
331 2754 533 2815 arbitrabantur,
548 2756 631 2814 triste,
648 2758 677 2802 at
730 2755 806 2815 qnasi
822 2767 868 2815 per
884 2751 1040 2804 denuentiam
1058 2772 1114 2806 von
1137 2755 1235 2807 trenta

168 2823 229 2887 ipse,
252 2820 383 2886 mumdum
402 2825 490 2887 potina
510 2827 533 2871 et
555 2820 676 2871 secandis
729 2820 807 2870 Haud.
820 2818 1235 2876 Waluusinuzulueucluelukcntr

167 2891 316 2939 numinibus
332 2892 418 2938 evcnit.
437 2889 466 2940 H.
481 2889 500 2939 l.
517 2890 544 2939 51
561 2890 676 2938 Accessit
729 2888 1233 2955 clemDrususguruichtciulalleu,wem

167 2956 258 3006 calla'de
274 2957 413 3021 camalam,
432 2962 527 3007 temere
542 2957 675 3018 creditam,
729 2956 909 3007 eruichtetu'a
922 2958 1234 3013 eiueureclatlicluenver·

167 3025 300 3074 decumani
320 3025 435 3088 legiones.
462 3025 489 3075 ll.
516 3025 548 3076 92
568 3024 674 3075 Gratum
728 3024 1233 3091 waauianeimsperrenuictenwama

163 3095 322 3158 primoribus
333 3095 444 3142 deitatis
456 3097 534 3142 etnam
542 3092 616 3159 plebs
627 3093 673 3143 ad·
728 3091 788 3142 Tac.
801 3093 856 3143 will
866 3108 942 3157 sagea
951 3112 958 3142 ι
967 3096 1042 3144 eeiue
1053 3106 1146 3148 ersten
1157 3097 1232 3149 nde·

163 3161 288 3225 probauit,
298 3160 364 3223 qaod
371 3164 481 3210 recursis
489 3163 521 3210 ab
530 3161 607 3210 atillo
613 3164 674 3211 iura
727 3175 808 3222 gagen
814 3160 871 3210 Tib.
880 3177 965 3211 waren
976 3177 1005 3213 so
1015 3163 1232 3217 leidenselaftliel

166 3225 310 3277 libertorum
324 3232 494 3278 concessisset.
513 3228 554 3278 lV.
573 3229 605 3278 23
616 3245 673 3278 ma·
726 3229 776 3276 und
791 3228 863 3291 uim,
881 3230 941 3280 (lass
958 3245 1016 3280 meu
1033 3232 1079 3281 itm
1098 3232 1143 3283 liar
1154 3234 1232 3285 walr—

166 3296 262 3355 cla'aas,
279 3295 413 3345 insolitum
430 3299 490 3359 sili,
502 3298 568 3347 aaut
595 3295 625 3346 G.
638 3296 668 3347 31
726 3296 812 3357 siunig
823 3296 909 3347 halteu
921 3298 1033 3353 lenate:
1046 3300 1232 3353 aleardielle·

164 3363 200 3412 Et
211 3363 272 3412 allis
285 3362 470 3415 Germanorum
481 3364 584 3432 populis
595 3380 672 3415 asur-
725 3364 844 3414 u'issheit
857 3365 919 3415 iiber
929 3366 986 3416 sein
1003 3368 1144 3419 Sehiekaal
1158 3372 1231 3433 hatto,

161 3435 255 3498 patum
265 3447 327 3482 raro
337 3437 363 3481 et
378 3436 479 3497 pan'aata
491 3437 613 3496 curiaeque
624 3449 671 3482 aa·
725 3448 832 3495 gewrun
846 3449 875 3482 er
886 3433 928 3484 die
938 3431 1018 3485 li'a'lle
1031 3437 1080 3487 cler
1091 3434 1232 3489 Varronil-

164 3499 251 3549 deata'a
269 3501 338 3565 apud
355 3500 455 3550 Chattos
475 3504 502 3551 in
522 3516 671 3551 contentum
724 3501 793 3564 luug.
812 3501 846 3550 Es
855 3503 929 3552 stelin
937 3502 994 3553 sich
1003 3506 1234 3572 geganiiuerqm·

163 3572 246 3629 cerat,
253 3572 347 3618 crinem
355 3571 507 3634 barbamque
514 3572 670 3620 sulneuttere.
720 3585 769 3635 per
779 3568 931 3619 deruentium
944 3572 994 3620 uua
1011 3572 1155 3624 meditatas
1167 3588 1232 3624 auau-

164 3634 224 3684 llor.
240 3637 293 3686 Sat.
308 3637 323 3686 l.
337 3640 360 3697 l,
381 3642 395 3687 9
412 3641 437 3687 in
455 3640 519 3688 lora
535 3653 606 3703 caepe
622 3637 668 3686 dai·
720 3640 870 3703 positasque.
883 3639 1006 3689 Aahnlich
1018 3638 1083 3691 Sall.
1099 3641 1149 3693 Cet
1170 3642 1232 3704 422

164 3708 257 3766 centos,
270 3704 300 3756 tl
308 3721 443 3771 ariagnem,
452 3723 540 3756 amar
549 3706 668 3756 dictabat.
723 3706 862 3754 inconsulte
877 3722 909 3755 aa
924 3707 1001 3757 aelati
1012 3724 1061 3773 per
1081 3709 1234 3761 ammaum

163 3771 254 3833 iliiulig
271 3773 327 3821 siml
348 3774 389 3823 bei
412 3776 458 3824 deu
477 3774 612 3824 liomikeru
630 3777 670 3823 in-
725 3778 814 3821 cancta
824 3775 1030 3839 amulagelant.

163 3839 281 3889 credibile
290 3841 364 3902 dicis,
376 3858 483 3905 aequam
493 3843 610 3909 postulas
621 3842 671 3890 und
760 3841 911 3891 lanarum
929 3871 964 3879 -
983 3848 1097 3911 nepotas.
1140 3846 1233 3899 fliam

163 3908 334 3970 Aelunliclres3
354 3911 419 3960 auch
430 3910 520 3961 Cicero
536 3912 581 3961 hut
596 3910 670 3959 Vera.
724 3908 790 3958 wird
802 3924 849 3959 aur
867 3908 985 3961 caedibus
1000 3912 1177 3981 compleam
1190 3914 1234 3965 dn
