<?xml version="1.0" encoding="UTF-8"?>
<!DOCTYPE html PUBLIC "-//W3C//DTD XHTML 1.0 Transitional//EN"
    "http://www.w3.org/TR/xhtml1/DTD/xhtml1-transitional.dtd">
<html xmlns="http://www.w3.org/1999/xhtml" xml:lang="en" lang="en">
 <head>
  <title>
</title>
<meta http-equiv="Content-Type" content="text/html;charset=utf-8" />
  <meta name='ocr-system' content='tesseract 3.04.00' />
  <meta name='ocr-capabilities' content='ocr_page ocr_carea ocr_par ocr_line ocrx_word'/>
</head>
<body>
  <div class='ocr_page' id='page_1' title='image "./corneliustacitu02tacigoog/corneliustacitu02tacigoog_0141.png"; bbox 0 0 2646 4404; ppageno 0'>
   <div class='ocr_carea' id='block_1_1' title="bbox 168 258 1242 327">
    <p class='ocr_par' dir='ltr' id='par_1_1' title="bbox 168 258 1242 327">
     <span class='ocr_line' id='line_1_1' title="bbox 168 258 1242 327; baseline 0.007 -20"><span class='ocrx_word' id='word_1_1' title='bbox 168 259 209 322; x_wconf 77' lang='grc'>96</span> <span class='ocrx_word' id='word_1_2' title='bbox 559 258 704 311; x_wconf 75' lang='lat' dir='ltr'>CORNELI</span> <span class='ocrx_word' id='word_1_3' title='bbox 720 260 829 312; x_wconf 71' lang='lat' dir='ltr'>ructat</span> <span class='ocrx_word' id='word_1_4' title='bbox 1125 275 1155 327; x_wconf 70' lang='grc' dir='ltr'>(ι</span> <span class='ocrx_word' id='word_1_5' title='bbox 1169 286 1191 315; x_wconf 79' lang='lat' dir='ltr'>u.</span> <span class='ocrx_word' id='word_1_6' title='bbox 1204 276 1242 315; x_wconf 80' lang='lat' dir='ltr'>aas</span> 
     </span>
    </p>
   </div>
   <div class='ocr_carea' id='block_1_2' title="bbox 119 413 1282 1679">
    <p class='ocr_par' dir='ltr' id='par_1_2' title="bbox 119 413 1282 1679">
     <span class='ocr_line' id='line_1_2' title="bbox 168 413 1242 483; baseline 0.002 -10"><span class='ocrx_word' id='word_1_7' title='bbox 168 414 335 474; x_wconf 84' lang='lat' dir='ltr'>noscendas</span> <span class='ocrx_word' id='word_1_8' title='bbox 348 422 475 483; x_wconf 83' lang='lat' dir='ltr'>mentes,</span> <span class='ocrx_word' id='word_1_9' title='bbox 491 432 559 475; x_wconf 92' lang='lat' dir='ltr'>cum</span> <span class='ocrx_word' id='word_1_10' title='bbox 571 415 677 475; x_wconf 80' lang='lat' dir='ltr'><strong>secreti</strong></span> <span class='ocrx_word' id='word_1_11' title='bbox 690 422 720 474; x_wconf 90' lang='lat' dir='ltr'>et</span> <span class='ocrx_word' id='word_1_12' title='bbox 731 414 904 476; x_wconf 83' lang='lat' dir='ltr'>incustoditi</span> <span class='ocrx_word' id='word_1_13' title='bbox 915 414 995 475; x_wconf 90' lang='lat' dir='ltr'>inter</span> <span class='ocrx_word' id='word_1_14' title='bbox 1006 414 1148 475; x_wconf 88' lang='lat' dir='ltr'>militaris</span> <span class='ocrx_word' id='word_1_15' title='bbox 1165 413 1242 475; x_wconf 86' lang='lat' dir='ltr'>cibos</span> 
     </span>
     <span class='ocr_line' id='line_1_3' title="bbox 119 499 1243 578; baseline -0.001 -18"><span class='ocrx_word' id='word_1_16' title='bbox 119 505 156 562; x_wconf 83' lang='lat' dir='ltr'>ta</span> <span class='ocrx_word' id='word_1_17' title='bbox 170 517 255 576; x_wconf 91' lang='lat' dir='ltr'>spem</span> <span class='ocrx_word' id='word_1_18' title='bbox 268 506 318 559; x_wconf 90' lang='lat' dir='ltr'>aut</span> <span class='ocrx_word' id='word_1_19' title='bbox 330 506 445 559; x_wconf 90' lang='lat' dir='ltr'>metum</span> <span class='ocrx_word' id='word_1_20' title='bbox 458 499 637 578; x_wconf 85' lang='lat' dir='ltr'>proterrent.</span> <span class='ocrx_word' id='word_1_21' title='bbox 662 499 756 560; x_wconf 83' lang='lat' dir='ltr'>Nocte</span> <span class='ocrx_word' id='word_1_22' title='bbox 768 508 872 578; x_wconf 91' lang='lat' dir='ltr'>coepta</span> <span class='ocrx_word' id='word_1_23' title='bbox 884 518 1022 577; x_wconf 78' lang='lat' dir='ltr'>egressus</span> <span class='ocrx_word' id='word_1_24' title='bbox 1038 499 1178 577; x_wconf 83' lang='lat' dir='ltr'>augurali</span> <span class='ocrx_word' id='word_1_25' title='bbox 1192 518 1243 578; x_wconf 92' lang='lat' dir='ltr'>per</span> 
     </span>
     <span class='ocr_line' id='line_1_4' title="bbox 172 583 1243 661; baseline -0.001 -17"><span class='ocrx_word' id='word_1_26' title='bbox 172 585 287 644; x_wconf 88' lang='lat' dir='ltr'>occulta</span> <span class='ocrx_word' id='word_1_27' title='bbox 303 592 332 643; x_wconf 92' lang='lat' dir='ltr'>et</span> <span class='ocrx_word' id='word_1_28' title='bbox 349 583 483 661; x_wconf 81' lang='lat' dir='ltr'>vigilibus</span> <span class='ocrx_word' id='word_1_29' title='bbox 500 584 610 661; x_wconf 82' lang='lat' dir='ltr'>ignara,</span> <span class='ocrx_word' id='word_1_30' title='bbox 628 584 736 645; x_wconf 80' lang='lat' dir='ltr'>comite</span> <span class='ocrx_word' id='word_1_31' title='bbox 751 603 823 654; x_wconf 92' lang='lat' dir='ltr'>uno,</span> <span class='ocrx_word' id='word_1_32' title='bbox 839 593 996 645; x_wconf 90' lang='lat' dir='ltr'>contectus</span> <span class='ocrx_word' id='word_1_33' title='bbox 1010 602 1135 645; x_wconf 90' lang='lat' dir='ltr'>umeros</span> <span class='ocrx_word' id='word_1_34' title='bbox 1150 583 1243 645; x_wconf 86' lang='lat' dir='ltr'>ferina</span> 
     </span>
     <span class='ocr_line' id='line_1_5' title="bbox 172 668 1243 748; baseline 0 -21"><span class='ocrx_word' id='word_1_35' title='bbox 172 669 262 746; x_wconf 90' lang='lat' dir='ltr'>pelle,</span> <span class='ocrx_word' id='word_1_36' title='bbox 278 668 338 729; x_wconf 90' lang='lat' dir='ltr'>adit</span> <span class='ocrx_word' id='word_1_37' title='bbox 353 677 518 728; x_wconf 90' lang='lat' dir='ltr'>castrorum</span> <span class='ocrx_word' id='word_1_38' title='bbox 529 668 605 739; x_wconf 79' lang='lat' dir='ltr'>rias,</span> <span class='ocrx_word' id='word_1_39' title='bbox 633 669 749 729; x_wconf 83' lang='lat' dir='ltr'>adsistit</span> <span class='ocrx_word' id='word_1_40' title='bbox 763 670 960 729; x_wconf 88' lang='lat' dir='ltr'>tabernaculis</span> <span class='ocrx_word' id='word_1_41' title='bbox 977 669 1153 748; x_wconf 84' lang='lat' dir='ltr'>fruiturque</span> <span class='ocrx_word' id='word_1_42' title='bbox 1168 668 1243 729; x_wconf 85' lang='lat' dir='ltr'>lama</span> 
     </span>
     <span class='ocr_line' id='line_1_6' title="bbox 171 748 1270 832; baseline 0 -19"><span class='ocrx_word' id='word_1_43' title='bbox 171 753 226 824; x_wconf 88' lang='lat' dir='ltr'>sui,</span> <span class='ocrx_word' id='word_1_44' title='bbox 242 772 310 814; x_wconf 91' lang='lat' dir='ltr'>cum</span> <span class='ocrx_word' id='word_1_45' title='bbox 323 754 370 813; x_wconf 89' lang='lat' dir='ltr'>hic</span> <span class='ocrx_word' id='word_1_46' title='bbox 382 753 565 813; x_wconf 79' lang='lat' dir='ltr'>nobilitatem</span> <span class='ocrx_word' id='word_1_47' title='bbox 578 753 670 825; x_wconf 88' lang='lat' dir='ltr'>ducis,</span> <span class='ocrx_word' id='word_1_48' title='bbox 687 754 825 815; x_wconf 90' lang='lat' dir='ltr'>decorem</span> <span class='ocrx_word' id='word_1_49' title='bbox 838 754 923 825; x_wconf 91' lang='lat' dir='ltr'>alius,</span> <span class='ocrx_word' id='word_1_50' title='bbox 935 754 1057 832; x_wconf 91' lang='lat' dir='ltr'>plurimi</span> <span class='ocrx_word' id='word_1_51' title='bbox 1070 753 1244 831; x_wconf 86' lang='lat' dir='ltr'>patientiam</span> <span class='ocrx_word' id='word_1_52' title='bbox 1259 748 1270 797; x_wconf 77' lang='lat'>⁵</span> 
     </span>
     <span class='ocr_line' id='line_1_7' title="bbox 173 838 1245 916; baseline -0.002 -18"><span class='ocrx_word' id='word_1_53' title='bbox 173 838 353 905; x_wconf 88' lang='lat' dir='ltr'>comitatem,</span> <span class='ocrx_word' id='word_1_54' title='bbox 369 856 421 916; x_wconf 92' lang='lat' dir='ltr'>per</span> <span class='ocrx_word' id='word_1_55' title='bbox 438 838 514 897; x_wconf 88' lang='lat' dir='ltr'>seria</span> <span class='ocrx_word' id='word_1_56' title='bbox 528 857 582 916; x_wconf 92' lang='lat' dir='ltr'>per</span> <span class='ocrx_word' id='word_1_57' title='bbox 592 838 672 898; x_wconf 87' lang='lat' dir='ltr'>iocos</span> <span class='ocrx_word' id='word_1_58' title='bbox 685 838 814 898; x_wconf 86' lang='lat' dir='ltr'>eundem</span> <span class='ocrx_word' id='word_1_59' title='bbox 830 838 860 898; x_wconf 92' lang='lat' dir='ltr'>in</span> <span class='ocrx_word' id='word_1_60' title='bbox 873 838 1018 907; x_wconf 89' lang='lat' dir='ltr'>animum,</span> <span class='ocrx_word' id='word_1_61' title='bbox 1030 838 1176 899; x_wconf 89' lang='lat' dir='ltr'>laudibus</span> <span class='ocrx_word' id='word_1_62' title='bbox 1187 841 1245 899; x_wconf 85' lang='lat' dir='ltr'>ler-</span> 
     </span>
     <span class='ocr_line' id='line_1_8' title="bbox 171 923 1245 1001; baseline 0.001 -19"><span class='ocrx_word' id='word_1_63' title='bbox 171 931 239 983; x_wconf 92' lang='lat' dir='ltr'>rent</span> <span class='ocrx_word' id='word_1_64' title='bbox 249 924 491 1001; x_wconf 86' lang='lat' dir='ltr'>reddendamque</span> <span class='ocrx_word' id='word_1_65' title='bbox 508 923 631 999; x_wconf 85' lang='lat' dir='ltr'>gratiam</span> <span class='ocrx_word' id='word_1_66' title='bbox 650 923 680 981; x_wconf 92' lang='lat' dir='ltr'>in</span> <span class='ocrx_word' id='word_1_67' title='bbox 692 923 753 983; x_wconf 90' lang='lat' dir='ltr'>acie</span> <span class='ocrx_word' id='word_1_68' title='bbox 770 925 945 994; x_wconf 83' lang='lat' dir='ltr'>faterentur,</span> <span class='ocrx_word' id='word_1_69' title='bbox 961 923 1052 983; x_wconf 94' lang='lat' dir='ltr'>simul</span> <span class='ocrx_word' id='word_1_70' title='bbox 1067 923 1203 1001; x_wconf 90' lang='lat' dir='ltr'>perlidos</span> <span class='ocrx_word' id='word_1_71' title='bbox 1217 931 1245 983; x_wconf 89' lang='lat' dir='ltr'>et</span> 
     </span>
     <span class='ocr_line' id='line_1_9' title="bbox 170 1007 1244 1086; baseline -0.001 -19"><span class='ocrx_word' id='word_1_72' title='bbox 170 1016 311 1085; x_wconf 90' lang='lat' dir='ltr'>ruptores</span> <span class='ocrx_word' id='word_1_73' title='bbox 323 1009 403 1086; x_wconf 90' lang='lat' dir='ltr'>pacis</span> <span class='ocrx_word' id='word_1_74' title='bbox 416 1008 521 1067; x_wconf 89' lang='lat' dir='ltr'>ultioni</span> <span class='ocrx_word' id='word_1_75' title='bbox 534 1016 564 1067; x_wconf 90' lang='lat' dir='ltr'>et</span> <span class='ocrx_word' id='word_1_76' title='bbox 574 1007 683 1083; x_wconf 82' lang='lat' dir='ltr'>gloriae</span> <span class='ocrx_word' id='word_1_77' title='bbox 695 1009 877 1068; x_wconf 89' lang='lat' dir='ltr'>mactandos.</span> <span class='ocrx_word' id='word_1_78' title='bbox 901 1008 982 1067; x_wconf 90' lang='lat' dir='ltr'>Inter</span> <span class='ocrx_word' id='word_1_79' title='bbox 997 1026 1075 1086; x_wconf 90' lang='lat' dir='ltr'>quae</span> <span class='ocrx_word' id='word_1_80' title='bbox 1091 1026 1176 1067; x_wconf 90' lang='lat' dir='ltr'>unus</span> <span class='ocrx_word' id='word_1_81' title='bbox 1191 1008 1244 1067; x_wconf 88' lang='lat' dir='ltr'>ho·</span> 
     </span>
     <span class='ocr_line' id='line_1_10' title="bbox 171 1092 1245 1171; baseline 0 -20"><span class='ocrx_word' id='word_1_82' title='bbox 171 1094 272 1163; x_wconf 88' lang='lat' dir='ltr'>stium,</span> <span class='ocrx_word' id='word_1_83' title='bbox 288 1092 409 1152; x_wconf 90' lang='lat' dir='ltr'>Latinae</span> <span class='ocrx_word' id='word_1_84' title='bbox 428 1092 545 1168; x_wconf 82' lang='lat' dir='ltr'>linguae</span> <span class='ocrx_word' id='word_1_85' title='bbox 561 1092 674 1163; x_wconf 75' lang='lat' dir='ltr'>scienS,</span> <span class='ocrx_word' id='word_1_86' title='bbox 696 1100 762 1152; x_wconf 92' lang='lat' dir='ltr'>acto</span> <span class='ocrx_word' id='word_1_87' title='bbox 778 1094 814 1153; x_wconf 89' lang='lat' dir='ltr'>ad</span> <span class='ocrx_word' id='word_1_88' title='bbox 830 1093 939 1152; x_wconf 87' lang='lat' dir='ltr'>vallum</span> <span class='ocrx_word' id='word_1_89' title='bbox 955 1110 1032 1171; x_wconf 91' lang='lat' dir='ltr'>equo</span> <span class='ocrx_word' id='word_1_90' title='bbox 1048 1111 1123 1153; x_wconf 83' lang='lat' dir='ltr'>voce</span> <span class='ocrx_word' id='word_1_91' title='bbox 1140 1110 1245 1170; x_wconf 82' lang='lat' dir='ltr'>magna</span> 
     </span>
     <span class='ocr_line' id='line_1_11' title="bbox 173 1176 1282 1256; baseline -0.003 -19"><span class='ocrx_word' id='word_1_92' title='bbox 173 1177 315 1256; x_wconf 84' lang='lat' dir='ltr'>coniuges</span> <span class='ocrx_word' id='word_1_93' title='bbox 328 1186 356 1237; x_wconf 90' lang='lat' dir='ltr'>et</span> <span class='ocrx_word' id='word_1_94' title='bbox 369 1196 454 1254; x_wconf 82' lang='lat' dir='ltr'>agros</span> <span class='ocrx_word' id='word_1_95' title='bbox 468 1185 497 1236; x_wconf 91' lang='lat' dir='ltr'>et</span> <span class='ocrx_word' id='word_1_96' title='bbox 505 1177 645 1255; x_wconf 88' lang='lat' dir='ltr'>stipendii</span> <span class='ocrx_word' id='word_1_97' title='bbox 656 1177 687 1235; x_wconf 97' lang='lat' dir='ltr'>in</span> <span class='ocrx_word' id='word_1_98' title='bbox 700 1177 772 1247; x_wconf 90' lang='lat' dir='ltr'>dies,</span> <span class='ocrx_word' id='word_1_99' title='bbox 788 1178 884 1238; x_wconf 91' lang='lat' dir='ltr'>donec</span> <span class='ocrx_word' id='word_1_100' title='bbox 902 1176 1073 1248; x_wconf 88' lang='lat' dir='ltr'>bellaretur,</span> <span class='ocrx_word' id='word_1_101' title='bbox 1089 1178 1244 1237; x_wconf 88' lang='lat' dir='ltr'>sestertios</span> <span class='ocrx_word' id='word_1_102' title='bbox 1260 1184 1282 1234; x_wconf 89' lang='lat' dir='ltr'>lt</span> 
     </span>
     <span class='ocr_line' id='line_1_12' title="bbox 172 1261 1243 1340; baseline 0.001 -18"><span class='ocrx_word' id='word_1_103' title='bbox 172 1269 332 1333; x_wconf 89' lang='lat' dir='ltr'>centenos,</span> <span class='ocrx_word' id='word_1_104' title='bbox 348 1262 373 1321; x_wconf 93' lang='lat' dir='ltr'>si</span> <span class='ocrx_word' id='word_1_105' title='bbox 389 1262 455 1339; x_wconf 82' lang='lat' dir='ltr'>quis</span> <span class='ocrx_word' id='word_1_106' title='bbox 471 1261 690 1339; x_wconf 85' lang='lat' dir='ltr'>transfugisset,</span> <span class='ocrx_word' id='word_1_107' title='bbox 706 1261 832 1321; x_wconf 76' lang='lat' dir='ltr'>Arminii</span> <span class='ocrx_word' id='word_1_108' title='bbox 847 1261 969 1322; x_wconf 90' lang='lat' dir='ltr'>nomine</span> <span class='ocrx_word' id='word_1_109' title='bbox 984 1262 1155 1340; x_wconf 88' lang='lat' dir='ltr'>pollicetur.</span> <span class='ocrx_word' id='word_1_110' title='bbox 1194 1262 1243 1323; x_wconf 92' lang='lat' dir='ltr'>lu·</span> 
     </span>
     <span class='ocr_line' id='line_1_13' title="bbox 171 1346 1243 1425; baseline 0 -18"><span class='ocrx_word' id='word_1_111' title='bbox 171 1346 271 1407; x_wconf 92' lang='lat' dir='ltr'>cendit</span> <span class='ocrx_word' id='word_1_112' title='bbox 286 1366 320 1407; x_wconf 88' lang='lat' dir='ltr'>ea</span> <span class='ocrx_word' id='word_1_113' title='bbox 333 1346 511 1405; x_wconf 86' lang='lat' dir='ltr'>contumelia</span> <span class='ocrx_word' id='word_1_114' title='bbox 524 1347 675 1424; x_wconf 80' lang='lat' dir='ltr'>legionum</span> <span class='ocrx_word' id='word_1_115' title='bbox 691 1346 766 1406; x_wconf 90' lang='lat' dir='ltr'>iras:</span> <span class='ocrx_word' id='word_1_116' title='bbox 783 1347 897 1406; x_wconf 90' lang='lat' dir='ltr'>veniret</span> <span class='ocrx_word' id='word_1_117' title='bbox 908 1346 980 1415; x_wconf 91' lang='lat' dir='ltr'>dies,</span> <span class='ocrx_word' id='word_1_118' title='bbox 993 1347 1116 1407; x_wconf 90' lang='lat' dir='ltr'>daretur</span> <span class='ocrx_word' id='word_1_119' title='bbox 1128 1365 1243 1425; x_wconf 72' lang='lat' dir='ltr'>pugna,</span> 
     </span>
     <span class='ocr_line' id='line_1_14' title="bbox 171 1430 1243 1509; baseline 0.002 -19"><span class='ocrx_word' id='word_1_120' title='bbox 171 1439 362 1509; x_wconf 90' lang='lat' dir='ltr'>sumpturum</span> <span class='ocrx_word' id='word_1_121' title='bbox 386 1430 509 1490; x_wconf 91' lang='lat' dir='ltr'>militem</span> <span class='ocrx_word' id='word_1_122' title='bbox 527 1433 744 1491; x_wconf 87' lang='lat' dir='ltr'>Germanorum</span> <span class='ocrx_word' id='word_1_123' title='bbox 764 1450 863 1509; x_wconf 84' lang='lat' dir='ltr'>agros,</span> <span class='ocrx_word' id='word_1_124' title='bbox 890 1439 1057 1492; x_wconf 88' lang='lat' dir='ltr'>tracturum</span> <span class='ocrx_word' id='word_1_125' title='bbox 1082 1432 1243 1509; x_wconf 69' lang='lat' dir='ltr'>coniugem</span> 
     </span>
     <span class='ocr_line' id='line_1_15' title="bbox 171 1515 1243 1594; baseline 0.003 -20"><span class='ocrx_word' id='word_1_126' title='bbox 171 1515 304 1593; x_wconf 91' lang='lat' dir='ltr'>accipere</span> <span class='ocrx_word' id='word_1_127' title='bbox 317 1534 404 1575; x_wconf 92' lang='lat' dir='ltr'>omen</span> <span class='ocrx_word' id='word_1_128' title='bbox 419 1525 448 1575; x_wconf 90' lang='lat' dir='ltr'>et</span> <span class='ocrx_word' id='word_1_129' title='bbox 456 1516 644 1576; x_wconf 88' lang='lat' dir='ltr'>matrimonia</span> <span class='ocrx_word' id='word_1_130' title='bbox 657 1535 691 1576; x_wconf 91' lang='lat' dir='ltr'>ac</span> <span class='ocrx_word' id='word_1_131' title='bbox 706 1516 846 1594; x_wconf 86' lang='lat' dir='ltr'>pecunias</span> <span class='ocrx_word' id='word_1_132' title='bbox 859 1515 989 1576; x_wconf 89' lang='lat' dir='ltr'>hostium</span> <span class='ocrx_word' id='word_1_133' title='bbox 1001 1516 1133 1594; x_wconf 85' lang='lat' dir='ltr'>praedae</span> <span class='ocrx_word' id='word_1_134' title='bbox 1150 1516 1243 1577; x_wconf 87' lang='lat' dir='ltr'>desti-</span> 
     </span>
     <span class='ocr_line' id='line_1_16' title="bbox 170 1599 1280 1679; baseline -0.001 -21"><span class='ocrx_word' id='word_1_135' title='bbox 170 1616 252 1659; x_wconf 93' lang='lat' dir='ltr'>nare.</span> <span class='ocrx_word' id='word_1_136' title='bbox 283 1599 383 1660; x_wconf 88' lang='lat' dir='ltr'>Tertia</span> <span class='ocrx_word' id='word_1_137' title='bbox 395 1603 487 1661; x_wconf 87' lang='lat' dir='ltr'>ferme</span> <span class='ocrx_word' id='word_1_138' title='bbox 499 1601 594 1679; x_wconf 82' lang='lat' dir='ltr'>vigilia</span> <span class='ocrx_word' id='word_1_139' title='bbox 610 1601 791 1660; x_wconf 87' lang='lat' dir='ltr'>adsultatum</span> <span class='ocrx_word' id='word_1_140' title='bbox 808 1609 853 1661; x_wconf 90' lang='lat' dir='ltr'>est</span> <span class='ocrx_word' id='word_1_141' title='bbox 868 1601 985 1672; x_wconf 88' lang='lat' dir='ltr'>castris,</span> <span class='ocrx_word' id='word_1_142' title='bbox 1012 1600 1079 1660; x_wconf 89' lang='lat' dir='ltr'>sine</span> <span class='ocrx_word' id='word_1_143' title='bbox 1103 1602 1242 1662; x_wconf 90' lang='lat' dir='ltr'>coniectu</span> <span class='ocrx_word' id='word_1_144' title='bbox 1259 1604 1280 1657; x_wconf 81' lang='lat' dir='ltr'>lt</span> 
     </span>
    </p>
   </div>
   <div class='ocr_carea' id='block_1_3' title="bbox 171 1814 675 1958">
    <p class='ocr_par' dir='ltr' id='par_1_3' title="bbox 171 1814 675 1958">
     <span class='ocr_line' id='line_1_17' title="bbox 207 1814 675 1888; baseline 0 -14"><span class='ocrx_word' id='word_1_145' title='bbox 207 1814 259 1874; x_wconf 72' lang='grc'>18.</span> <span class='ocrx_word' id='word_1_146' title='bbox 277 1823 300 1872; x_wconf 86' lang='grc'>2.</span> <span class='ocrx_word' id='word_1_147' title='bbox 324 1824 455 1888; x_wconf 73' lang='lat' dir='ltr'>augurali.</span> <span class='ocrx_word' id='word_1_148' title='bbox 483 1824 545 1875; x_wconf 88' lang='lat' dir='ltr'>Hier</span> <span class='ocrx_word' id='word_1_149' title='bbox 555 1827 604 1874; x_wconf 91' lang='lat' dir='ltr'>und</span> <span class='ocrx_word' id='word_1_150' title='bbox 614 1824 675 1878; x_wconf 92' lang='lat' dir='ltr'>XV.</span> 
     </span>
     <span class='ocr_line' id='line_1_18' title="bbox 171 1890 673 1958; baseline 0.006 -19"><span class='ocrx_word' id='word_1_151' title='bbox 171 1890 204 1939; x_wconf 82' lang='lat'>30</span> <span class='ocrx_word' id='word_1_152' title='bbox 227 1891 272 1940; x_wconf 85' lang='lat' dir='ltr'>das</span> <span class='ocrx_word' id='word_1_153' title='bbox 291 1895 460 1958; x_wconf 80' lang='lat' dir='ltr'>praetorium.</span> <span class='ocrx_word' id='word_1_154' title='bbox 493 1893 594 1942; x_wconf 89' lang='lat' dir='ltr'>Ehenso</span> <span class='ocrx_word' id='word_1_155' title='bbox 616 1893 673 1943; x_wconf 87' lang='lat' dir='ltr'>Seu.</span> 
     </span>
    </p>
   </div>
   <div class='ocr_carea' id='block_1_4' title="bbox 732 1823 1243 1945">
    <p class='ocr_par' dir='ltr' id='par_1_4' title="bbox 732 1823 1243 1945">
     <span class='ocr_line' id='line_1_19' title="bbox 732 1823 1242 1889; baseline 0.004 -15"><span class='ocrx_word' id='word_1_156' title='bbox 732 1826 793 1874; x_wconf 88' lang='lat' dir='ltr'>clreu</span> <span class='ocrx_word' id='word_1_157' title='bbox 807 1823 955 1887; x_wconf 81' lang='lat' dir='ltr'>Gesinnung</span> <span class='ocrx_word' id='word_1_158' title='bbox 972 1824 1011 1874; x_wconf 88' lang='lat' dir='ltr'>die</span> <span class='ocrx_word' id='word_1_159' title='bbox 1025 1824 1093 1874; x_wconf 88' lang='lat' dir='ltr'>llede</span> <span class='ocrx_word' id='word_1_160' title='bbox 1111 1826 1172 1875; x_wconf 87' lang='lat' dir='ltr'>sein</span> <span class='ocrx_word' id='word_1_161' title='bbox 1185 1826 1242 1889; x_wconf 81' lang='lat' dir='ltr'>soll,</span> 
     </span>
     <span class='ocr_line' id='line_1_20' title="bbox 732 1892 1243 1945; baseline 0.006 -3"><span class='ocrx_word' id='word_1_162' title='bbox 732 1893 826 1942; x_wconf 79' lang='lat' dir='ltr'>Schera</span> <span class='ocrx_word' id='word_1_163' title='bbox 849 1893 899 1940; x_wconf 89' lang='lat' dir='ltr'>und</span> <span class='ocrx_word' id='word_1_164' title='bbox 923 1892 1003 1942; x_wconf 89' lang='lat' dir='ltr'>Ernst</span> <span class='ocrx_word' id='word_1_165' title='bbox 1026 1894 1069 1942; x_wconf 89' lang='lat' dir='ltr'>ein</span> <span class='ocrx_word' id='word_1_166' title='bbox 1094 1893 1243 1945; x_wconf 84' lang='lat' dir='ltr'>schwaelrer</span> 
     </span>
    </p>
   </div>
   <div class='ocr_carea' id='block_1_5' title="bbox 169 1960 678 2212">
    <p class='ocr_par' dir='ltr' id='par_1_5' title="bbox 169 1960 678 2212">
     <span class='ocr_line' id='line_1_21' title="bbox 170 1960 677 2025; baseline 0.006 -18"><span class='ocrx_word' id='word_1_167' title='bbox 170 1966 204 2008; x_wconf 90' lang='lat' dir='ltr'>tr.</span> <span class='ocrx_word' id='word_1_168' title='bbox 221 1975 261 2008; x_wconf 86' lang='lat' dir='ltr'>aa.</span> <span class='ocrx_word' id='word_1_169' title='bbox 283 1961 322 2020; x_wconf 88' lang='lat'>11,</span> <span class='ocrx_word' id='word_1_170' title='bbox 340 1961 354 2009; x_wconf 87' lang='grc'>8</span> <span class='ocrx_word' id='word_1_171' title='bbox 375 1960 445 2021; x_wconf 82' lang='lat' dir='ltr'>(luae</span> <span class='ocrx_word' id='word_1_172' title='bbox 460 1960 585 2025; x_wconf 72' lang='lat' dir='ltr'>dignitas,</span> <span class='ocrx_word' id='word_1_173' title='bbox 602 1964 677 2010; x_wconf 84' lang='lat' dir='ltr'>caius</span> 
     </span>
     <span class='ocr_line' id='line_1_22' title="bbox 170 2029 678 2092; baseline 0 -16"><span class='ocrx_word' id='word_1_174' title='bbox 170 2042 220 2076; x_wconf 85' lang='lat' dir='ltr'>aon</span> <span class='ocrx_word' id='word_1_175' title='bbox 233 2031 393 2092; x_wconf 71' lang='lat' dir='ltr'>praetextam</span> <span class='ocrx_word' id='word_1_176' title='bbox 407 2032 433 2077; x_wconf 90' lang='lat' dir='ltr'>et</span> <span class='ocrx_word' id='word_1_177' title='bbox 444 2029 573 2092; x_wconf 77' lang='lat' dir='ltr'>augurale</span> <span class='ocrx_word' id='word_1_178' title='bbox 585 2034 611 2078; x_wconf 91' lang='lat' dir='ltr'>et</span> <span class='ocrx_word' id='word_1_179' title='bbox 622 2030 678 2079; x_wconf 87' lang='lat' dir='ltr'>lora</span> 
     </span>
     <span class='ocr_line' id='line_1_23' title="bbox 169 2094 677 2212; baseline 0.004 -69"><span class='ocrx_word' id='word_1_180' title='bbox 169 2097 278 2212; x_wconf 53' lang='lat' dir='ltr'>patricia</span> <span class='ocrx_word' id='word_1_181' title='bbox 297 2094 385 2144; x_wconf 84' lang='lat' dir='ltr'>sordes</span> <span class='ocrx_word' id='word_1_182' title='bbox 404 2099 572 2146; x_wconf 85' lang='lat' dir='ltr'>comitentur?</span> <span class='ocrx_word' id='word_1_183' title='bbox 593 2097 677 2161; x_wconf 78' lang='lat' dir='ltr'>Quint.</span> 
     </span>
    </p>
   </div>
   <div class='ocr_carea' id='block_1_6' title="bbox 165 2160 680 3989">
    <p class='ocr_par' dir='ltr' id='par_1_6' title="bbox 165 2160 679 2501">
     <span class='ocr_line' id='line_1_24' title="bbox 196 2160 679 2227; baseline 0.004 -17"><span class='ocrx_word' id='word_1_184' title='bbox 196 2160 235 2212; x_wconf 90' lang='lat' dir='ltr'>Ill.</span> <span class='ocrx_word' id='word_1_185' title='bbox 249 2163 302 2227; x_wconf 87' lang='lat'>2,8</span> <span class='ocrx_word' id='word_1_186' title='bbox 324 2162 425 2213; x_wconf 85' lang='lat' dir='ltr'>Tertius</span> <span class='ocrx_word' id='word_1_187' title='bbox 444 2168 480 2213; x_wconf 88' lang='lat' dir='ltr'>est</span> <span class='ocrx_word' id='word_1_188' title='bbox 500 2165 599 2223; x_wconf 77' lang='lat' dir='ltr'>arcodus,</span> <span class='ocrx_word' id='word_1_189' title='bbox 620 2181 679 2214; x_wconf 87' lang='lat' dir='ltr'>cam</span> 
     </span>
     <span class='ocr_line' id='line_1_25' title="bbox 171 2232 679 2299; baseline 0.004 -20"><span class='ocrx_word' id='word_1_190' title='bbox 171 2246 215 2279; x_wconf 87' lang='lat' dir='ltr'>res</span> <span class='ocrx_word' id='word_1_191' title='bbox 225 2235 368 2281; x_wconf 76' lang='lat' dir='ltr'>comanunir</span> <span class='ocrx_word' id='word_1_192' title='bbox 375 2232 491 2299; x_wconf 70' lang='lat' dir='ltr'>palearibus</span> <span class='ocrx_word' id='word_1_193' title='bbox 499 2235 526 2281; x_wconf 85' lang='lat' dir='ltr'>iu</span> <span class='ocrx_word' id='word_1_194' title='bbox 538 2248 587 2282; x_wconf 85' lang='lat' dir='ltr'>uuo</span> <span class='ocrx_word' id='word_1_195' title='bbox 596 2232 679 2296; x_wconf 75' lang='lat' dir='ltr'>aliquo</span> 
     </span>
     <span class='ocr_line' id='line_1_26' title="bbox 171 2299 678 2363; baseline 0.002 -16"><span class='ocrx_word' id='word_1_196' title='bbox 171 2299 245 2348; x_wconf 77' lang='lat' dir='ltr'>habet</span> <span class='ocrx_word' id='word_1_197' title='bbox 264 2314 354 2349; x_wconf 80' lang='lat' dir='ltr'>aaaron</span> <span class='ocrx_word' id='word_1_198' title='bbox 375 2303 509 2363; x_wconf 70' lang='lat' dir='ltr'>amiantum,</span> <span class='ocrx_word' id='word_1_199' title='bbox 530 2305 559 2349; x_wconf 90' lang='lat' dir='ltr'>ut</span> <span class='ocrx_word' id='word_1_200' title='bbox 576 2316 678 2349; x_wconf 80' lang='lat' dir='ltr'>carmen</span> 
     </span>
     <span class='ocr_line' id='line_1_27' title="bbox 165 2368 678 2434; baseline 0.006 -19"><span class='ocrx_word' id='word_1_201' title='bbox 165 2368 280 2431; x_wconf 75' lang='lat' dir='ltr'>funebre</span> <span class='ocrx_word' id='word_1_202' title='bbox 293 2371 395 2434; x_wconf 83' lang='lat' dir='ltr'>proprie</span> <span class='ocrx_word' id='word_1_203' title='bbox 412 2371 504 2417; x_wconf 79' lang='lat' dir='ltr'>naenia</span> <span class='ocrx_word' id='word_1_204' title='bbox 523 2373 549 2417; x_wconf 88' lang='lat' dir='ltr'>et</span> <span class='ocrx_word' id='word_1_205' title='bbox 561 2370 678 2418; x_wconf 84' lang='lat' dir='ltr'>laderna-</span> 
     </span>
     <span class='ocr_line' id='line_1_28' title="bbox 172 2433 491 2501; baseline 0.003 -18"><span class='ocrx_word' id='word_1_206' title='bbox 172 2433 261 2483; x_wconf 85' lang='lat' dir='ltr'>culum</span> <span class='ocrx_word' id='word_1_207' title='bbox 273 2434 345 2485; x_wconf 78' lang='lat' dir='ltr'>ducis</span> <span class='ocrx_word' id='word_1_208' title='bbox 356 2435 491 2501; x_wconf 78' lang='lat' dir='ltr'>arrgurule.</span> 
     </span>
    </p>

    <p class='ocr_par' dir='ltr' id='par_1_7' title="bbox 207 2501 678 2568">
     <span class='ocr_line' id='line_1_29' title="bbox 207 2501 678 2568; baseline 0 -17"><span class='ocrx_word' id='word_1_209' title='bbox 207 2502 230 2552; x_wconf 84' lang='lat'>3.</span> <span class='ocrx_word' id='word_1_210' title='bbox 250 2501 333 2552; x_wconf 88' lang='lat' dir='ltr'>Ueber</span> <span class='ocrx_word' id='word_1_211' title='bbox 362 2507 457 2567; x_wconf 76' lang='lat' dir='ltr'>ignara</span> <span class='ocrx_word' id='word_1_212' title='bbox 482 2502 525 2552; x_wconf 84' lang='lat' dir='ltr'>liir</span> <span class='ocrx_word' id='word_1_213' title='bbox 540 2507 628 2568; x_wconf 60' lang='lat' dir='ltr'>ignora</span> <span class='ocrx_word' id='word_1_214' title='bbox 646 2520 678 2552; x_wconf 88' lang='lat' dir='ltr'>zu</span> 
     </span>
    </p>

    <p class='ocr_par' dir='ltr' id='par_1_8' title="bbox 173 2637 676 2756">
     <span class='ocr_line' id='line_1_30' title="bbox 206 2637 676 2703; baseline 0.002 -17"><span class='ocrx_word' id='word_1_215' title='bbox 206 2641 334 2687; x_wconf 78' lang='lat' dir='ltr'>coruteetus</span> <span class='ocrx_word' id='word_1_216' title='bbox 366 2654 467 2688; x_wconf 79' lang='lat' dir='ltr'>ramerus</span> <span class='ocrx_word' id='word_1_217' title='bbox 487 2640 579 2703; x_wconf 74' lang='lat' dir='ltr'>serim</span> <span class='ocrx_word' id='word_1_218' title='bbox 604 2637 676 2703; x_wconf 87' lang='lat' dir='ltr'>pelle,</span> 
     </span>
     <span class='ocr_line' id='line_1_31' title="bbox 173 2705 631 2756; baseline 0 -3"><span class='ocrx_word' id='word_1_219' title='bbox 173 2706 221 2754; x_wconf 86' lang='lat' dir='ltr'>wie</span> <span class='ocrx_word' id='word_1_220' title='bbox 236 2706 307 2755; x_wconf 88' lang='lat' dir='ltr'>einer</span> <span class='ocrx_word' id='word_1_221' title='bbox 320 2722 365 2755; x_wconf 91' lang='lat' dir='ltr'>aus</span> <span class='ocrx_word' id='word_1_222' title='bbox 378 2708 426 2756; x_wconf 84' lang='lat' dir='ltr'>deri</span> <span class='ocrx_word' id='word_1_223' title='bbox 439 2705 631 2755; x_wconf 79' lang='lat' dir='ltr'>Hiill&#39;svillern.</span> 
     </span>
    </p>

    <p class='ocr_par' dir='ltr' id='par_1_9' title="bbox 172 2772 677 2889">
     <span class='ocr_line' id='line_1_32' title="bbox 207 2772 677 2839; baseline 0 -18"><span class='ocrx_word' id='word_1_224' title='bbox 207 2774 231 2823; x_wconf 83' lang='lat'>4.</span> <span class='ocrx_word' id='word_1_225' title='bbox 247 2776 329 2839; x_wconf 81' lang='lat' dir='ltr'>saara</span> <span class='ocrx_word' id='word_1_226' title='bbox 352 2777 395 2823; x_wconf 88' lang='lat' dir='ltr'>sai</span> <span class='ocrx_word' id='word_1_227' title='bbox 418 2772 459 2822; x_wconf 83' lang='lat' dir='ltr'>liir</span> <span class='ocrx_word' id='word_1_228' title='bbox 483 2789 539 2822; x_wconf 88' lang='lat' dir='ltr'>sua.</span> <span class='ocrx_word' id='word_1_229' title='bbox 584 2774 609 2822; x_wconf 91' lang='lat' dir='ltr'>S.</span> <span class='ocrx_word' id='word_1_230' title='bbox 645 2789 677 2821; x_wconf 91' lang='lat' dir='ltr'>zu</span> 
     </span>
     <span class='ocr_line' id='line_1_33' title="bbox 172 2838 284 2889; baseline 0 0"><span class='ocrx_word' id='word_1_231' title='bbox 172 2838 228 2889; x_wconf 89' lang='grc' dir='ltr'>ΧΠ.</span> <span class='ocrx_word' id='word_1_232' title='bbox 243 2841 284 2889; x_wconf 81' lang='grc'>37.</span> 
     </span>
    </p>

    <p class='ocr_par' dir='ltr' id='par_1_10' title="bbox 171 2907 680 3989">
     <span class='ocr_line' id='line_1_34' title="bbox 207 2907 677 2958; baseline 0.002 -2"><span class='ocrx_word' id='word_1_233' title='bbox 207 2909 232 2957; x_wconf 83' lang='grc'>6.</span> <span class='ocrx_word' id='word_1_234' title='bbox 253 2907 361 2957; x_wconf 80' lang='lat' dir='ltr'>arandam</span> <span class='ocrx_word' id='word_1_235' title='bbox 370 2912 396 2957; x_wconf 80' lang='lat' dir='ltr'>ira</span> <span class='ocrx_word' id='word_1_236' title='bbox 405 2911 534 2958; x_wconf 84' lang='lat' dir='ltr'>animum:</span> <span class='ocrx_word' id='word_1_237' title='bbox 553 2909 579 2957; x_wconf 92' lang='lat' dir='ltr'>in</span> <span class='ocrx_word' id='word_1_238' title='bbox 590 2911 677 2958; x_wconf 86' lang='lat' dir='ltr'>schor·</span> 
     </span>
     <span class='ocr_line' id='line_1_35' title="bbox 173 2974 676 3026; baseline 0.006 -3"><span class='ocrx_word' id='word_1_239' title='bbox 173 2976 268 3024; x_wconf 89' lang='lat' dir='ltr'>zenden</span> <span class='ocrx_word' id='word_1_240' title='bbox 286 2978 337 3024; x_wconf 93' lang='lat' dir='ltr'>und</span> <span class='ocrx_word' id='word_1_241' title='bbox 354 2974 510 3025; x_wconf 86' lang='lat' dir='ltr'>ernsthaften</span> <span class='ocrx_word' id='word_1_242' title='bbox 524 2976 609 3026; x_wconf 85' lang='lat' dir='ltr'>Redeo</span> <span class='ocrx_word' id='word_1_243' title='bbox 622 2977 676 3026; x_wconf 92' lang='lat' dir='ltr'>die-</span> 
     </span>
     <span class='ocr_line' id='line_1_36' title="bbox 172 3040 677 3106; baseline 0.004 -16"><span class='ocrx_word' id='word_1_244' title='bbox 172 3042 242 3091; x_wconf 88' lang='lat' dir='ltr'>selbe</span> <span class='ocrx_word' id='word_1_245' title='bbox 257 3040 405 3106; x_wconf 80' lang='lat' dir='ltr'>Gesinnung</span> <span class='ocrx_word' id='word_1_246' title='bbox 417 3043 590 3093; x_wconf 85' lang='lat' dir='ltr'>ausdriickend</span> <span class='ocrx_word' id='word_1_247' title='bbox 603 3045 677 3093; x_wconf 83' lang='lat' dir='ltr'>erlro-</span> 
     </span>
     <span class='ocr_line' id='line_1_37' title="bbox 172 3109 679 3175; baseline 0.006 -17"><span class='ocrx_word' id='word_1_248' title='bbox 172 3109 220 3158; x_wconf 87' lang='lat' dir='ltr'>beu</span> <span class='ocrx_word' id='word_1_249' title='bbox 237 3109 279 3159; x_wconf 88' lang='lat' dir='ltr'>die</span> <span class='ocrx_word' id='word_1_250' title='bbox 292 3110 410 3160; x_wconf 87' lang='lat' dir='ltr'>Soldaten</span> <span class='ocrx_word' id='word_1_251' title='bbox 428 3112 469 3161; x_wconf 88' lang='lat' dir='ltr'>dic</span> <span class='ocrx_word' id='word_1_252' title='bbox 481 3119 623 3175; x_wconf 82' lang='lat' dir='ltr'>genannten</span> <span class='ocrx_word' id='word_1_253' title='bbox 637 3112 679 3161; x_wconf 85' lang='lat' dir='ltr'>ui-</span> 
     </span>
     <span class='ocr_line' id='line_1_38' title="bbox 171 3175 678 3241; baseline 0.004 -15"><span class='ocrx_word' id='word_1_254' title='bbox 171 3175 337 3241; x_wconf 84' lang='lat' dir='ltr'>genschaiten</span> <span class='ocrx_word' id='word_1_255' title='bbox 359 3181 403 3227; x_wconf 90' lang='lat' dir='ltr'>des</span> <span class='ocrx_word' id='word_1_256' title='bbox 425 3178 597 3230; x_wconf 87' lang='lat' dir='ltr'>Germanicus.</span> <span class='ocrx_word' id='word_1_257' title='bbox 631 3180 678 3229; x_wconf 88' lang='lat' dir='ltr'>Die</span> 
     </span>
     <span class='ocr_line' id='line_1_39' title="bbox 173 3245 678 3298; baseline 0.004 -4"><span class='ocrx_word' id='word_1_258' title='bbox 173 3245 232 3295; x_wconf 87' lang='lat' dir='ltr'>Hds.</span> <span class='ocrx_word' id='word_1_259' title='bbox 255 3246 299 3294; x_wconf 77' lang='lat' dir='ltr'>liat</span> <span class='ocrx_word' id='word_1_260' title='bbox 322 3246 428 3296; x_wconf 74' lang='lat' dir='ltr'>arcadem</span> <span class='ocrx_word' id='word_1_261' title='bbox 449 3250 573 3297; x_wconf 83' lang='lat' dir='ltr'>animum.</span> <span class='ocrx_word' id='word_1_262' title='bbox 610 3248 678 3298; x_wconf 78' lang='lat' dir='ltr'>Aber</span> 
     </span>
     <span class='ocr_line' id='line_1_40' title="bbox 172 3314 679 3379; baseline 0.002 -16"><span class='ocrx_word' id='word_1_263' title='bbox 172 3316 221 3363; x_wconf 83' lang='lat' dir='ltr'>ioci</span> <span class='ocrx_word' id='word_1_264' title='bbox 232 3329 281 3362; x_wconf 91' lang='lat' dir='ltr'>vor</span> <span class='ocrx_word' id='word_1_265' title='bbox 293 3314 339 3363; x_wconf 89' lang='lat' dir='ltr'>deu</span> <span class='ocrx_word' id='word_1_266' title='bbox 350 3316 472 3365; x_wconf 85' lang='lat' dir='ltr'>Soldaten</span> <span class='ocrx_word' id='word_1_267' title='bbox 486 3330 576 3379; x_wconf 91' lang='lat' dir='ltr'>passen</span> <span class='ocrx_word' id='word_1_268' title='bbox 587 3317 679 3365; x_wconf 85' lang='lat' dir='ltr'>durch-</span> 
     </span>
     <span class='ocr_line' id='line_1_41' title="bbox 172 3383 677 3447; baseline 0 -16"><span class='ocrx_word' id='word_1_269' title='bbox 172 3398 218 3431; x_wconf 80' lang='lat' dir='ltr'>aus</span> <span class='ocrx_word' id='word_1_270' title='bbox 231 3383 303 3432; x_wconf 89' lang='lat' dir='ltr'>nicht</span> <span class='ocrx_word' id='word_1_271' title='bbox 316 3399 348 3431; x_wconf 88' lang='lat' dir='ltr'>zu</span> <span class='ocrx_word' id='word_1_272' title='bbox 360 3384 405 3431; x_wconf 87' lang='lat' dir='ltr'>der</span> <span class='ocrx_word' id='word_1_273' title='bbox 419 3383 513 3432; x_wconf 89' lang='lat' dir='ltr'>Person</span> <span class='ocrx_word' id='word_1_274' title='bbox 527 3384 571 3432; x_wconf 93' lang='lat' dir='ltr'>des</span> <span class='ocrx_word' id='word_1_275' title='bbox 585 3384 677 3447; x_wconf 85' lang='lat' dir='ltr'>Germ,</span> 
     </span>
     <span class='ocr_line' id='line_1_42' title="bbox 172 3449 680 3501; baseline 0.004 -3"><span class='ocrx_word' id='word_1_276' title='bbox 172 3450 223 3499; x_wconf 90' lang='lat' dir='ltr'>wic</span> <span class='ocrx_word' id='word_1_277' title='bbox 235 3451 295 3500; x_wconf 85' lang='lat' dir='ltr'>Tac.</span> <span class='ocrx_word' id='word_1_278' title='bbox 314 3452 352 3501; x_wconf 87' lang='lat' dir='ltr'>sie</span> <span class='ocrx_word' id='word_1_279' title='bbox 365 3449 392 3499; x_wconf 95' lang='lat' dir='ltr'>ll.</span> <span class='ocrx_word' id='word_1_280' title='bbox 407 3451 438 3499; x_wconf 77' lang='lat'>72</span> <span class='ocrx_word' id='word_1_281' title='bbox 456 3451 592 3500; x_wconf 88' lang='lat' dir='ltr'>sehildert:</span> <span class='ocrx_word' id='word_1_282' title='bbox 609 3455 680 3500; x_wconf 83' lang='lat' dir='ltr'>tauta</span> 
     </span>
     <span class='ocr_line' id='line_1_43' title="bbox 173 3517 679 3583; baseline 0.002 -16"><span class='ocrx_word' id='word_1_283' title='bbox 173 3517 214 3567; x_wconf 86' lang='lat' dir='ltr'>illi</span> <span class='ocrx_word' id='word_1_284' title='bbox 232 3521 336 3568; x_wconf 86' lang='lat' dir='ltr'>comitas</span> <span class='ocrx_word' id='word_1_285' title='bbox 355 3521 383 3566; x_wconf 83' lang='lat' dir='ltr'>ia</span> <span class='ocrx_word' id='word_1_286' title='bbox 403 3521 489 3583; x_wconf 84' lang='lat' dir='ltr'>socios,</span> <span class='ocrx_word' id='word_1_287' title='bbox 511 3518 679 3568; x_wconf 81' lang='lat' dir='ltr'>mansuetudo</span> 
     </span>
     <span class='ocr_line' id='line_1_44' title="bbox 172 3586 680 3652; baseline 0.002 -18"><span class='ocrx_word' id='word_1_288' title='bbox 172 3589 199 3635; x_wconf 85' lang='lat' dir='ltr'>in</span> <span class='ocrx_word' id='word_1_289' title='bbox 220 3588 314 3649; x_wconf 75' lang='lat' dir='ltr'>hostes,</span> <span class='ocrx_word' id='word_1_290' title='bbox 335 3589 438 3652; x_wconf 77' lang='lat' dir='ltr'>atraque</span> <span class='ocrx_word' id='word_1_291' title='bbox 454 3591 476 3636; x_wconf 89' lang='lat' dir='ltr'>et</span> <span class='ocrx_word' id='word_1_292' title='bbox 492 3586 586 3636; x_wconf 89' lang='lat' dir='ltr'>auditu</span> <span class='ocrx_word' id='word_1_293' title='bbox 603 3589 680 3635; x_wconf 72' lang='lat' dir='ltr'>iurata</span> 
     </span>
     <span class='ocr_line' id='line_1_45' title="bbox 172 3654 680 3719; baseline 0.004 -17"><span class='ocrx_word' id='word_1_294' title='bbox 172 3656 334 3717; x_wconf 76' lang='lat' dir='ltr'>ameralilis,</span> <span class='ocrx_word' id='word_1_295' title='bbox 356 3670 414 3704; x_wconf 80' lang='lat' dir='ltr'>earn</span> <span class='ocrx_word' id='word_1_296' title='bbox 434 3654 640 3719; x_wconf 76' lang='lat' dir='ltr'>magnitudinem</span> <span class='ocrx_word' id='word_1_297' title='bbox 656 3659 680 3704; x_wconf 86' lang='lat' dir='ltr'>et</span> 
     </span>
     <span class='ocr_line' id='line_1_46' title="bbox 171 3725 679 3789; baseline 0.002 -19"><span class='ocrx_word' id='word_1_298' title='bbox 171 3725 330 3785; x_wconf 82' lang='lat' dir='ltr'>gravitatem</span> <span class='ocrx_word' id='word_1_299' title='bbox 353 3739 467 3772; x_wconf 86' lang='lat' dir='ltr'>sumruae</span> <span class='ocrx_word' id='word_1_300' title='bbox 489 3725 612 3789; x_wconf 78' lang='lat' dir='ltr'>fortunae</span> <span class='ocrx_word' id='word_1_301' title='bbox 640 3738 679 3771; x_wconf 86' lang='lat' dir='ltr'>re-</span> 
     </span>
     <span class='ocr_line' id='line_1_47' title="bbox 173 3791 680 3854; baseline 0.002 -18"><span class='ocrx_word' id='word_1_302' title='bbox 173 3791 274 3853; x_wconf 85' lang='lat' dir='ltr'>tineret,</span> <span class='ocrx_word' id='word_1_303' title='bbox 306 3791 429 3840; x_wconf 82' lang='lat' dir='ltr'>inuidiam</span> <span class='ocrx_word' id='word_1_304' title='bbox 454 3796 477 3840; x_wconf 85' lang='lat' dir='ltr'>et</span> <span class='ocrx_word' id='word_1_305' title='bbox 500 3793 680 3854; x_wconf 81' lang='lat' dir='ltr'>arrogantiam</span> 
     </span>
     <span class='ocr_line' id='line_1_48' title="bbox 173 3857 678 3922; baseline 0.004 -18"><span class='ocrx_word' id='word_1_306' title='bbox 173 3857 314 3922; x_wconf 79' lang='lat' dir='ltr'>effugerat.</span> <span class='ocrx_word' id='word_1_307' title='bbox 349 3858 420 3908; x_wconf 87' lang='lat' dir='ltr'>Auch</span> <span class='ocrx_word' id='word_1_308' title='bbox 444 3860 491 3920; x_wconf 85' lang='lat' dir='ltr'>ist,</span> <span class='ocrx_word' id='word_1_309' title='bbox 516 3874 588 3908; x_wconf 89' lang='lat' dir='ltr'>wenu</span> <span class='ocrx_word' id='word_1_310' title='bbox 612 3858 678 3907; x_wconf 87' lang='lat' dir='ltr'>beim</span> 
     </span>
     <span class='ocr_line' id='line_1_49' title="bbox 174 3921 680 3989; baseline 0.002 -16"><span class='ocrx_word' id='word_1_311' title='bbox 174 3921 339 3975; x_wconf 82' lang='lat' dir='ltr'>Germanicus</span> <span class='ocrx_word' id='word_1_312' title='bbox 350 3942 408 3975; x_wconf 84' lang='lat' dir='ltr'>vom</span> <span class='ocrx_word' id='word_1_313' title='bbox 415 3926 552 3976; x_wconf 83' lang='lat' dir='ltr'>Bewulrreu</span> <span class='ocrx_word' id='word_1_314' title='bbox 562 3925 680 3989; x_wconf 71' lang='lat' dir='ltr'>derglei-</span> 
     </span>
    </p>
   </div>
   <div class='ocr_carea' id='block_1_7' title="bbox 730 1959 1244 3979">
    <p class='ocr_par' dir='ltr' id='par_1_11' title="bbox 730 1959 1244 3505">
     <span class='ocr_line' id='line_1_50' title="bbox 731 1959 1242 2012; baseline 0.006 -3"><span class='ocrx_word' id='word_1_315' title='bbox 731 1959 873 2009; x_wconf 85' lang='lat' dir='ltr'>Ausdruek.</span> <span class='ocrx_word' id='word_1_316' title='bbox 886 1959 919 2008; x_wconf 83' lang='lat' dir='ltr'>Ia</span> <span class='ocrx_word' id='word_1_317' title='bbox 930 1960 976 2010; x_wconf 89' lang='lat' dir='ltr'>mit</span> <span class='ocrx_word' id='word_1_318' title='bbox 986 1961 1040 2008; x_wconf 90' lang='lat' dir='ltr'>dem</span> <span class='ocrx_word' id='word_1_319' title='bbox 1051 1963 1112 2010; x_wconf 82' lang='lat' dir='ltr'>Aac.</span> <span class='ocrx_word' id='word_1_320' title='bbox 1121 1961 1242 2012; x_wconf 81' lang='lat' dir='ltr'>bezeich-</span> 
     </span>
     <span class='ocr_line' id='line_1_51' title="bbox 733 2026 1242 2081; baseline 0.008 -4"><span class='ocrx_word' id='word_1_321' title='bbox 733 2036 776 2077; x_wconf 88' lang='lat' dir='ltr'>uet</span> <span class='ocrx_word' id='word_1_322' title='bbox 793 2028 838 2076; x_wconf 85' lang='lat' dir='ltr'>das</span> <span class='ocrx_word' id='word_1_323' title='bbox 858 2026 975 2077; x_wconf 80' lang='lat' dir='ltr'>Resultat</span> <span class='ocrx_word' id='word_1_324' title='bbox 993 2029 1054 2077; x_wconf 90' lang='lat' dir='ltr'>oder</span> <span class='ocrx_word' id='word_1_325' title='bbox 1072 2028 1115 2079; x_wconf 87' lang='lat' dir='ltr'>die</span> <span class='ocrx_word' id='word_1_326' title='bbox 1133 2030 1242 2081; x_wconf 74' lang='lat' dir='ltr'>Alisiclrt</span> 
     </span>
     <span class='ocr_line' id='line_1_52' title="bbox 733 2092 1241 2158; baseline 0.008 -13"><span class='ocrx_word' id='word_1_327' title='bbox 733 2096 805 2145; x_wconf 86' lang='lat' dir='ltr'>einer</span> <span class='ocrx_word' id='word_1_328' title='bbox 817 2095 962 2158; x_wconf 79' lang='lat' dir='ltr'>Handlung:</span> <span class='ocrx_word' id='word_1_329' title='bbox 981 2096 1017 2146; x_wconf 88' lang='lat' dir='ltr'>‘so</span> <span class='ocrx_word' id='word_1_330' title='bbox 1030 2092 1098 2146; x_wconf 84' lang='lat' dir='ltr'>dass’</span> <span class='ocrx_word' id='word_1_331' title='bbox 1112 2098 1180 2148; x_wconf 87' lang='lat' dir='ltr'>oder</span> <span class='ocrx_word' id='word_1_332' title='bbox 1190 2097 1241 2148; x_wconf 71' lang='lat' dir='ltr'>‘du-</span> 
     </span>
     <span class='ocr_line' id='line_1_53' title="bbox 733 2163 1241 2229; baseline 0.01 -18"><span class='ocrx_word' id='word_1_333' title='bbox 733 2164 779 2212; x_wconf 89' lang='lat' dir='ltr'>mit</span> <span class='ocrx_word' id='word_1_334' title='bbox 791 2163 879 2212; x_wconf 85' lang='lat' dir='ltr'>Etwes</span> <span class='ocrx_word' id='word_1_335' title='bbox 891 2164 1012 2225; x_wconf 87' lang='lat' dir='ltr'>entsteht‚</span> <span class='ocrx_word' id='word_1_336' title='bbox 1024 2164 1080 2212; x_wconf 90' lang='lat' dir='ltr'>sich</span> <span class='ocrx_word' id='word_1_337' title='bbox 1091 2165 1171 2229; x_wconf 75' lang='lat' dir='ltr'>zeigt,</span> <span class='ocrx_word' id='word_1_338' title='bbox 1183 2182 1241 2215; x_wconf 80' lang='lat' dir='ltr'>aas·</span> 
     </span>
     <span class='ocr_line' id='line_1_54' title="bbox 734 2230 1241 2297; baseline 0.006 -17"><span class='ocrx_word' id='word_1_339' title='bbox 734 2230 858 2294; x_wconf 79' lang='lat' dir='ltr'>gedriiclrt</span> <span class='ocrx_word' id='word_1_340' title='bbox 870 2230 952 2279; x_wconf 87' lang='lat' dir='ltr'>wird’.</span> <span class='ocrx_word' id='word_1_341' title='bbox 971 2231 1004 2280; x_wconf 91' lang='lat' dir='ltr'>So</span> <span class='ocrx_word' id='word_1_342' title='bbox 1018 2232 1068 2293; x_wconf 79' lang='lat' dir='ltr'>(um</span> <span class='ocrx_word' id='word_1_343' title='bbox 1082 2248 1130 2281; x_wconf 90' lang='lat' dir='ltr'>nur</span> <span class='ocrx_word' id='word_1_344' title='bbox 1141 2233 1241 2297; x_wconf 73' lang='lat' dir='ltr'>wenige</span> 
     </span>
     <span class='ocr_line' id='line_1_55' title="bbox 735 2298 1240 2363; baseline 0.004 -16"><span class='ocrx_word' id='word_1_345' title='bbox 735 2298 860 2363; x_wconf 86' lang='lat' dir='ltr'>Beispiele</span> <span class='ocrx_word' id='word_1_346' title='bbox 877 2299 962 2348; x_wconf 89' lang='lat' dir='ltr'>dieses</span> <span class='ocrx_word' id='word_1_347' title='bbox 980 2300 1039 2349; x_wconf 87' lang='lat' dir='ltr'>sehr</span> <span class='ocrx_word' id='word_1_348' title='bbox 1050 2300 1240 2362; x_wconf 79' lang='lat' dir='ltr'>ausgedelruton</span> 
     </span>
     <span class='ocr_line' id='line_1_56' title="bbox 733 2365 1238 2432; baseline 0.012 -17"><span class='ocrx_word' id='word_1_349' title='bbox 733 2366 970 2432; x_wconf 78' lang='lat' dir='ltr'>Spraelrgebrauchs</span> <span class='ocrx_word' id='word_1_350' title='bbox 989 2365 1158 2431; x_wconf 79' lang='lat' dir='ltr'>anzuidhren)</span> <span class='ocrx_word' id='word_1_351' title='bbox 1178 2369 1238 2421; x_wconf 92' lang='lat' dir='ltr'>l.11</span> 
     </span>
     <span class='ocr_line' id='line_1_57' title="bbox 732 2435 1242 2499; baseline 0.01 -16"><span class='ocrx_word' id='word_1_352' title='bbox 732 2435 1106 2499; x_wconf 61' lang='lat' dir='ltr'>minartameramuagaam.</span> <span class='ocrx_word' id='word_1_353' title='bbox 1131 2437 1165 2485; x_wconf 77' lang='lat'>57</span> <span class='ocrx_word' id='word_1_354' title='bbox 1179 2439 1242 2488; x_wconf 85' lang='lat' dir='ltr'>uicta</span> 
     </span>
     <span class='ocr_line' id='line_1_58' title="bbox 731 2501 1242 2569; baseline 0.01 -19"><span class='ocrx_word' id='word_1_355' title='bbox 731 2505 758 2552; x_wconf 84' lang='lat' dir='ltr'>ia</span> <span class='ocrx_word' id='word_1_356' title='bbox 771 2502 899 2552; x_wconf 75' lang='lat' dir='ltr'>lacrimae.</span> <span class='ocrx_word' id='word_1_357' title='bbox 923 2501 951 2552; x_wconf 93' lang='lat' dir='ltr'>ll.</span> <span class='ocrx_word' id='word_1_358' title='bbox 962 2504 1013 2551; x_wconf 82' lang='lat' dir='ltr'>dia</span> <span class='ocrx_word' id='word_1_359' title='bbox 1025 2505 1135 2569; x_wconf 86' lang='lat' dir='ltr'>speeiem</span> <span class='ocrx_word' id='word_1_360' title='bbox 1147 2519 1181 2554; x_wconf 87' lang='lat' dir='ltr'>ae</span> <span class='ocrx_word' id='word_1_361' title='bbox 1190 2509 1242 2555; x_wconf 76' lang='lat' dir='ltr'>ter·</span> 
     </span>
     <span class='ocr_line' id='line_1_59' title="bbox 732 2569 1243 2638; baseline 0.008 -18"><span class='ocrx_word' id='word_1_362' title='bbox 732 2586 824 2620; x_wconf 86' lang='lat' dir='ltr'>rorem.</span> <span class='ocrx_word' id='word_1_363' title='bbox 851 2569 882 2620; x_wconf 86' lang='lat' dir='ltr'>G.</span> <span class='ocrx_word' id='word_1_364' title='bbox 895 2570 927 2619; x_wconf 83' lang='lat'>38</span> <span class='ocrx_word' id='word_1_365' title='bbox 943 2573 971 2619; x_wconf 83' lang='lat' dir='ltr'>ia</span> <span class='ocrx_word' id='word_1_366' title='bbox 985 2569 1149 2621; x_wconf 75' lang='lat' dir='ltr'>altitudinem</span> <span class='ocrx_word' id='word_1_367' title='bbox 1162 2589 1243 2638; x_wconf 79' lang='lat' dir='ltr'>quan-</span> 
     </span>
     <span class='ocr_line' id='line_1_60' title="bbox 731 2638 1241 2691; baseline 0.008 -3"><span class='ocrx_word' id='word_1_368' title='bbox 731 2638 792 2688; x_wconf 92' lang='lat' dir='ltr'>dam</span> <span class='ocrx_word' id='word_1_369' title='bbox 804 2642 828 2686; x_wconf 86' lang='lat' dir='ltr'>et</span> <span class='ocrx_word' id='word_1_370' title='bbox 840 2642 964 2688; x_wconf 71' lang='lat' dir='ltr'>terrorem</span> <span class='ocrx_word' id='word_1_371' title='bbox 973 2666 1006 2675; x_wconf 86' lang='lat'>—</span> <span class='ocrx_word' id='word_1_372' title='bbox 1015 2644 1150 2689; x_wconf 84' lang='lat' dir='ltr'>ornantur.</span> <span class='ocrx_word' id='word_1_373' title='bbox 1170 2642 1202 2691; x_wconf 84' lang='lat' dir='ltr'>A.</span> <span class='ocrx_word' id='word_1_374' title='bbox 1208 2642 1241 2691; x_wconf 79' lang='lat'>35</span> 
     </span>
     <span class='ocr_line' id='line_1_61' title="bbox 731 2706 1244 2772; baseline 0.008 -17"><span class='ocrx_word' id='word_1_375' title='bbox 731 2706 915 2756; x_wconf 79' lang='lat' dir='ltr'>Britannorum</span> <span class='ocrx_word' id='word_1_376' title='bbox 928 2709 995 2756; x_wconf 81' lang='lat' dir='ltr'>acies</span> <span class='ocrx_word' id='word_1_377' title='bbox 1006 2708 1034 2754; x_wconf 84' lang='lat' dir='ltr'>in</span> <span class='ocrx_word' id='word_1_378' title='bbox 1045 2710 1156 2772; x_wconf 82' lang='lat' dir='ltr'>speciem.</span> <span class='ocrx_word' id='word_1_379' title='bbox 1163 2708 1244 2759; x_wconf 59' lang='lat' dir='ltr'>amul</span> 
     </span>
     <span class='ocr_line' id='line_1_62' title="bbox 731 2773 1242 2828; baseline 0.012 -6"><span class='ocrx_word' id='word_1_380' title='bbox 731 2790 760 2824; x_wconf 90' lang='lat' dir='ltr'>ac</span> <span class='ocrx_word' id='word_1_381' title='bbox 776 2777 901 2823; x_wconf 82' lang='lat' dir='ltr'>terrorem</span> <span class='ocrx_word' id='word_1_382' title='bbox 912 2774 1061 2825; x_wconf 79' lang='lat' dir='ltr'>editioribus</span> <span class='ocrx_word' id='word_1_383' title='bbox 1072 2773 1134 2824; x_wconf 82' lang='lat' dir='ltr'>locis</span> <span class='ocrx_word' id='word_1_384' title='bbox 1145 2780 1242 2828; x_wconf 72' lang='lat' dir='ltr'>wasti-</span> 
     </span>
     <span class='ocr_line' id='line_1_63' title="bbox 730 2841 1241 2909; baseline 0.01 -19"><span class='ocrx_word' id='word_1_385' title='bbox 730 2845 805 2891; x_wconf 89' lang='lat' dir='ltr'>terat.</span> <span class='ocrx_word' id='word_1_386' title='bbox 831 2841 872 2891; x_wconf 92' lang='lat' dir='ltr'>lV.</span> <span class='ocrx_word' id='word_1_387' title='bbox 882 2843 915 2890; x_wconf 83' lang='lat'>45</span> <span class='ocrx_word' id='word_1_388' title='bbox 928 2845 956 2890; x_wconf 83' lang='lat' dir='ltr'>iu</span> <span class='ocrx_word' id='word_1_389' title='bbox 967 2846 1073 2891; x_wconf 84' lang='lat' dir='ltr'>mortem</span> <span class='ocrx_word' id='word_1_390' title='bbox 1086 2844 1185 2909; x_wconf 79' lang='lat' dir='ltr'>affecit.</span> <span class='ocrx_word' id='word_1_391' title='bbox 1209 2845 1241 2897; x_wconf 78' lang='lat'>6²</span> 
     </span>
     <span class='ocr_line' id='line_1_64' title="bbox 731 2909 1242 2975; baseline 0.012 -18"><span class='ocrx_word' id='word_1_392' title='bbox 731 2912 760 2958; x_wconf 86' lang='lat' dir='ltr'>ia</span> <span class='ocrx_word' id='word_1_393' title='bbox 771 2913 880 2957; x_wconf 85' lang='lat' dir='ltr'>mortem</span> <span class='ocrx_word' id='word_1_394' title='bbox 891 2911 1041 2975; x_wconf 77' lang='lat' dir='ltr'>afflicerat.</span> <span class='ocrx_word' id='word_1_395' title='bbox 1063 2909 1091 2959; x_wconf 93' lang='lat' dir='ltr'>ll.</span> <span class='ocrx_word' id='word_1_396' title='bbox 1106 2916 1138 2961; x_wconf 81' lang='lat'>80</span> <span class='ocrx_word' id='word_1_397' title='bbox 1151 2916 1181 2962; x_wconf 84' lang='lat' dir='ltr'>in</span> <span class='ocrx_word' id='word_1_398' title='bbox 1193 2930 1242 2963; x_wconf 84' lang='lat' dir='ltr'>rru-</span> 
     </span>
     <span class='ocr_line' id='line_1_65' title="bbox 731 2977 1242 3044; baseline 0.014 -19"><span class='ocrx_word' id='word_1_399' title='bbox 731 2992 831 3026; x_wconf 82' lang='lat' dir='ltr'>merum</span> <span class='ocrx_word' id='word_1_400' title='bbox 847 2977 954 3041; x_wconf 72' lang='lat' dir='ltr'>legionis</span> <span class='ocrx_word' id='word_1_401' title='bbox 970 2982 1154 3044; x_wconf 80' lang='lat' dir='ltr'>composuerat.</span> <span class='ocrx_word' id='word_1_402' title='bbox 1181 2981 1211 3030; x_wconf 90' lang='grc'>11.</span> <span class='ocrx_word' id='word_1_403' title='bbox 1222 2980 1242 3032; x_wconf 89' lang='grc'><strong>1.</strong></span> 
     </span>
     <span class='ocr_line' id='line_1_66' title="bbox 734 3045 1242 3114; baseline 0.016 -22"><span class='ocrx_word' id='word_1_404' title='bbox 734 3045 765 3093; x_wconf 85' lang='grc'><strong>81</strong></span> <span class='ocrx_word' id='word_1_405' title='bbox 773 3047 800 3092; x_wconf 86' lang='lat' dir='ltr'>iu</span> <span class='ocrx_word' id='word_1_406' title='bbox 810 3060 929 3094; x_wconf 78' lang='lat' dir='ltr'>numeros</span> <span class='ocrx_word' id='word_1_407' title='bbox 937 3046 1046 3110; x_wconf 53' lang='lat' dir='ltr'>amonis</span> <span class='ocrx_word' id='word_1_408' title='bbox 1055 3054 1242 3114; x_wconf 78' lang='lat' dir='ltr'>omnposuerat.</span> 
     </span>
     <span class='ocr_line' id='line_1_67' title="bbox 734 3113 1243 3167; baseline 0.01 -5"><span class='ocrx_word' id='word_1_409' title='bbox 734 3113 875 3162; x_wconf 87' lang='lat' dir='ltr'>Besonders</span> <span class='ocrx_word' id='word_1_410' title='bbox 893 3115 949 3163; x_wconf 84' lang='lat' dir='ltr'>deur</span> <span class='ocrx_word' id='word_1_411' title='bbox 966 3113 1072 3163; x_wconf 82' lang='lat' dir='ltr'>eundem</span> <span class='ocrx_word' id='word_1_412' title='bbox 1084 3118 1112 3163; x_wconf 84' lang='lat' dir='ltr'>ia</span> <span class='ocrx_word' id='word_1_413' title='bbox 1124 3119 1243 3167; x_wconf 64' lang='lat' dir='ltr'>manum</span> 
     </span>
     <span class='ocr_line' id='line_1_68' title="bbox 734 3180 1242 3235; baseline 0.01 -5"><span class='ocrx_word' id='word_1_414' title='bbox 734 3197 766 3230; x_wconf 87' lang='lat' dir='ltr'>an</span> <span class='ocrx_word' id='word_1_415' title='bbox 783 3180 868 3230; x_wconf 86' lang='lat' dir='ltr'>dieser</span> <span class='ocrx_word' id='word_1_416' title='bbox 881 3180 962 3231; x_wconf 89' lang='lat' dir='ltr'>Stellc</span> <span class='ocrx_word' id='word_1_417' title='bbox 979 3181 1082 3231; x_wconf 80' lang='lat' dir='ltr'>dhulielr</span> <span class='ocrx_word' id='word_1_418' title='bbox 1100 3184 1137 3232; x_wconf 90' lang='lat' dir='ltr'>ist</span> <span class='ocrx_word' id='word_1_419' title='bbox 1151 3184 1196 3234; x_wconf 92' lang='lat' dir='ltr'>Vl.</span> <span class='ocrx_word' id='word_1_420' title='bbox 1211 3186 1242 3235; x_wconf 82' lang='lat' dir='ltr'>te</span> 
     </span>
     <span class='ocr_line' id='line_1_69' title="bbox 733 3249 1244 3313; baseline 0.012 -16"><span class='ocrx_word' id='word_1_421' title='bbox 733 3263 887 3312; x_wconf 72' lang='lat' dir='ltr'>pomeranam</span> <span class='ocrx_word' id='word_1_422' title='bbox 909 3276 940 3284; x_wconf 96' lang='lat'><em>-</em></span> <span class='ocrx_word' id='word_1_423' title='bbox 961 3249 1061 3313; x_wconf 73' lang='lat' dir='ltr'>aliaque</span> <span class='ocrx_word' id='word_1_424' title='bbox 1084 3253 1111 3299; x_wconf 85' lang='lat' dir='ltr'>in</span> <span class='ocrx_word' id='word_1_425' title='bbox 1133 3252 1244 3303; x_wconf 80' lang='lat' dir='ltr'>eandam</span> 
     </span>
     <span class='ocr_line' id='line_1_70' title="bbox 733 3315 1243 3371; baseline 0.014 -7"><span class='ocrx_word' id='word_1_426' title='bbox 733 3315 845 3365; x_wconf 87' lang='lat' dir='ltr'>dolorem</span> <span class='ocrx_word' id='word_1_427' title='bbox 865 3320 962 3365; x_wconf 86' lang='lat' dir='ltr'>maesta</span> <span class='ocrx_word' id='word_1_428' title='bbox 984 3321 1009 3365; x_wconf 90' lang='lat' dir='ltr'>et</span> <span class='ocrx_word' id='word_1_429' title='bbox 1028 3319 1180 3369; x_wconf 77' lang='lat' dir='ltr'>miseranda</span> <span class='ocrx_word' id='word_1_430' title='bbox 1197 3320 1243 3371; x_wconf 82' lang='lat' dir='ltr'>diu</span> 
     </span>
     <span class='ocr_line' id='line_1_71' title="bbox 731 3383 1244 3448; baseline 0.012 -16"><span class='ocrx_word' id='word_1_431' title='bbox 731 3385 815 3448; x_wconf 79' lang='lat' dir='ltr'>ferret</span> <span class='ocrx_word' id='word_1_432' title='bbox 833 3400 857 3433; x_wconf 88' lang='lat' dir='ltr'>u.</span> <span class='ocrx_word' id='word_1_433' title='bbox 870 3383 915 3434; x_wconf 91' lang='lat' dir='ltr'>Xl.</span> <span class='ocrx_word' id='word_1_434' title='bbox 929 3385 942 3431; x_wconf 84' lang='lat'><strong>3</strong></span> <span class='ocrx_word' id='word_1_435' title='bbox 961 3388 1047 3433; x_wconf 85' lang='lat' dir='ltr'>secuta</span> <span class='ocrx_word' id='word_1_436' title='bbox 1065 3391 1126 3435; x_wconf 84' lang='lat' dir='ltr'>sunt</span> <span class='ocrx_word' id='word_1_437' title='bbox 1139 3386 1244 3438; x_wconf 81' lang='lat' dir='ltr'>Claudii</span> 
     </span>
     <span class='ocr_line' id='line_1_72' title="bbox 732 3451 1148 3505; baseline 0.01 -5"><span class='ocrx_word' id='word_1_438' title='bbox 732 3452 808 3502; x_wconf 80' lang='lat' dir='ltr'>uerba</span> <span class='ocrx_word' id='word_1_439' title='bbox 820 3454 846 3499; x_wconf 82' lang='lat' dir='ltr'>ia</span> <span class='ocrx_word' id='word_1_440' title='bbox 858 3451 962 3501; x_wconf 80' lang='lat' dir='ltr'>eandem</span> <span class='ocrx_word' id='word_1_441' title='bbox 977 3453 1148 3505; x_wconf 73' lang='lat' dir='ltr'>ammarum.</span> 
     </span>
    </p>

    <p class='ocr_par' dir='ltr' id='par_1_12' title="bbox 733 3519 1243 3652">
     <span class='ocr_line' id='line_1_73' title="bbox 768 3519 1243 3588; baseline 0.015 -21"><span class='ocrx_word' id='word_1_442' title='bbox 768 3521 792 3568; x_wconf 80' lang='grc'><strong>1.</strong></span> <span class='ocrx_word' id='word_1_443' title='bbox 809 3519 927 3585; x_wconf 83' lang='lat' dir='ltr'>perfidos</span> <span class='ocrx_word' id='word_1_444' title='bbox 939 3524 1175 3588; x_wconf 75' lang='lat' dir='ltr'>etruptorespacis,</span> <span class='ocrx_word' id='word_1_445' title='bbox 1189 3538 1243 3574; x_wconf 79' lang='lat' dir='ltr'>we·</span> 
     </span>
     <span class='ocr_line' id='line_1_74' title="bbox 733 3587 1216 3652; baseline 0.006 -15"><span class='ocrx_word' id='word_1_446' title='bbox 733 3604 782 3651; x_wconf 78' lang='lat' dir='ltr'>gen</span> <span class='ocrx_word' id='word_1_447' title='bbox 794 3587 863 3636; x_wconf 87' lang='lat' dir='ltr'>ihres</span> <span class='ocrx_word' id='word_1_448' title='bbox 877 3588 1014 3650; x_wconf 82' lang='lat' dir='ltr'>Betragens</span> <span class='ocrx_word' id='word_1_449' title='bbox 1027 3604 1107 3652; x_wconf 77' lang='lat' dir='ltr'>gagen</span> <span class='ocrx_word' id='word_1_450' title='bbox 1121 3591 1216 3642; x_wconf 88' lang='lat' dir='ltr'>Varus.</span> 
     </span>
    </p>

    <p class='ocr_par' dir='ltr' id='par_1_13' title="bbox 733 3654 1244 3853">
     <span class='ocr_line' id='line_1_75' title="bbox 770 3654 1244 3721; baseline 0.004 -15"><span class='ocrx_word' id='word_1_451' title='bbox 770 3657 809 3706; x_wconf 88' lang='lat'>15.</span> <span class='ocrx_word' id='word_1_452' title='bbox 824 3654 911 3705; x_wconf 83' lang='lat' dir='ltr'>Tertia</span> <span class='ocrx_word' id='word_1_453' title='bbox 912 3657 1102 3721; x_wconf 58' lang='lat' dir='ltr'>ferrnear&#39;ffilia.</span> <span class='ocrx_word' id='word_1_454' title='bbox 1108 3657 1244 3711; x_wconf 83' lang='lat' dir='ltr'>llieNaclrt</span> 
     </span>
     <span class='ocr_line' id='line_1_76' title="bbox 733 3722 1243 3777; baseline 0.014 -6"><span class='ocrx_word' id='word_1_455' title='bbox 733 3738 788 3772; x_wconf 82' lang='lat' dir='ltr'>war</span> <span class='ocrx_word' id='word_1_456' title='bbox 810 3723 851 3772; x_wconf 88' lang='lat' dir='ltr'>bei</span> <span class='ocrx_word' id='word_1_457' title='bbox 873 3724 921 3772; x_wconf 89' lang='lat' dir='ltr'>den</span> <span class='ocrx_word' id='word_1_458' title='bbox 938 3722 1047 3772; x_wconf 83' lang='lat' dir='ltr'>llo&#39;mern</span> <span class='ocrx_word' id='word_1_459' title='bbox 1066 3726 1091 3774; x_wconf 88' lang='lat' dir='ltr'>in</span> <span class='ocrx_word' id='word_1_460' title='bbox 1110 3728 1127 3776; x_wconf 84' lang='lat'>4</span> <span class='ocrx_word' id='word_1_461' title='bbox 1146 3726 1243 3777; x_wconf 83' lang='lat' dir='ltr'>Nacht-</span> 
     </span>
     <span class='ocr_line' id='line_1_77' title="bbox 734 3790 967 3853; baseline 0.004 -14"><span class='ocrx_word' id='word_1_462' title='bbox 734 3792 838 3839; x_wconf 85' lang='lat' dir='ltr'>wachen</span> <span class='ocrx_word' id='word_1_463' title='bbox 852 3790 967 3853; x_wconf 81' lang='lat' dir='ltr'>getheilt.</span> 
     </span>
    </p>

    <p class='ocr_par' dir='ltr' id='par_1_14' title="bbox 734 3860 1242 3979">
     <span class='ocr_line' id='line_1_78' title="bbox 768 3860 1242 3919; baseline 0.013 -14"><span class='ocrx_word' id='word_1_464' title='bbox 768 3861 822 3906; x_wconf 84' lang='lat' dir='ltr'>sine</span> <span class='ocrx_word' id='word_1_465' title='bbox 839 3860 1023 3919; x_wconf 74' lang='lat' dir='ltr'>coniectuteii,</span> <span class='ocrx_word' id='word_1_466' title='bbox 1040 3861 1102 3910; x_wconf 80' lang='lat' dir='ltr'>weil</span> <span class='ocrx_word' id='word_1_467' title='bbox 1120 3862 1160 3912; x_wconf 88' lang='lat' dir='ltr'>sie</span> <span class='ocrx_word' id='word_1_468' title='bbox 1172 3862 1242 3912; x_wconf 85' lang='lat' dir='ltr'>niclrt</span> 
     </span>
     <span class='ocr_line' id='line_1_79' title="bbox 734 3924 1125 3979; baseline 0.013 -5"><span class='ocrx_word' id='word_1_469' title='bbox 734 3924 780 3974; x_wconf 85' lang='lat' dir='ltr'>aui</span> <span class='ocrx_word' id='word_1_470' title='bbox 789 3924 936 3975; x_wconf 84' lang='lat' dir='ltr'>Treliweite</span> <span class='ocrx_word' id='word_1_471' title='bbox 947 3927 1125 3979; x_wconf 80' lang='lat' dir='ltr'>heraukameu.</span> 
     </span>
    </p>
   </div>
   <div class='ocr_carea' id='block_1_8' title="bbox 0 0 1331 4404">
    <p class='ocr_par' dir='ltr' id='par_1_15' title="bbox 0 0 1331 4404">
     <span class='ocr_line' id='line_1_80' title="bbox 0 0 1331 4404; baseline 0 0"><span class='ocrx_word' id='word_1_472' title='bbox 0 0 1331 4404; x_wconf 95' lang='lat' dir='ltr'> </span> 
     </span>
    </p>
   </div>
  </div>
 </body>
</html>
