2646 4404
179 209 238 270 114
327 255 330 259 .
584 204 727 257 connum
744 204 855 258 raum
991 229 993 233 -
1123 216 1153 270 a.
1168 218 1244 261 ..aa

176 360 287 422 maiora
301 359 433 439 pericula
448 359 613 429 subeunda,
625 359 832 421 delenimentis
842 377 980 421 curarum
992 367 1024 421 et
1034 357 1243 438 periculorum

175 446 335 507 carendum
356 465 432 506 esse.
462 445 589 506 Facilem
610 446 771 506 adsensum
790 445 872 506 Gallo
888 445 944 506 sub
958 443 1131 506 nominibus
1145 443 1243 505 bone-

173 531 229 592 stis
244 531 390 592 confeesio
401 531 542 592 vitiorum
556 539 588 591 et
597 530 759 591 similitudo
772 529 956 599 audientium
968 529 1059 592 dedit.
1083 529 1245 591 Adiecerat

176 624 206 677 et
219 615 354 677 Tiberius
369 633 431 677 non
445 615 476 676 id
490 622 611 694 tempus
626 633 777 686 censurae,
792 634 858 688 nec,
872 615 899 676 si
914 614 985 696 quid
1000 615 1033 676 in
1044 613 1186 677 moribus
1200 614 1243 677 la·

175 701 267 771 baret‚
284 702 456 763 defuturum
473 701 637 778 corrigendi
654 708 815 761 auctorem.
1258 715 1271 764 5

119 792 160 846 ³4
258 787 340 847 Inter
355 804 430 866 quae
441 785 473 844 L.
487 786 555 846 Piso
567 785 712 846 ambitum
726 785 792 856 fori,
805 791 942 863 corrupta
953 784 1072 856 ludina,
1085 781 1242 845 saevitiam

175 878 327 933 oratorum
343 871 545 933 accusationes
561 870 761 932 minitantium
777 870 935 949 increpans
946 869 1027 932 abire
1041 889 1077 932 se
1091 876 1122 930 et
1135 867 1243 930 cedere

176 956 259 1027 urbe,
274 957 422 1018 victurum
436 955 467 1016 in
480 957 577 1035 aliquo
590 956 689 1017 abdito
706 964 736 1017 et
747 956 909 1035 longinquo
920 973 990 1016 rure
1001 953 1190 1026 testabatur3
1200 954 1242 1015 si-

176 1042 238 1102 mul
253 1042 364 1103 curiam
378 1041 571 1121 relinquebat.
600 1041 773 1102 Commotus
792 1050 840 1102 est
853 1039 999 1113 Tiberius,
1014 1048 1044 1102 et
1058 1057 1243 1120 quamquam

176 1126 297 1188 mitibus
319 1126 415 1187 verbis
434 1127 574 1187 Pisonem
592 1125 805 1205 permulsisset‚
825 1125 1007 1205 propinquos
1030 1144 1155 1204 quoquo
1176 1125 1240 1195 eiua
1261 1135 1286 1186 1⁰

176 1212 303 1292 impulit,
315 1221 350 1273 ut
360 1212 518 1273 abeuntem
526 1211 702 1273 auctoritate
712 1213 757 1272 vel
767 1211 905 1289 precibus
916 1219 1060 1272 tenerent.
1082 1209 1175 1272 Haud
1187 1210 1243 1271 mi-

177 1315 235 1358 nus
255 1295 340 1358 liberi
364 1297 473 1357 doloris
496 1297 709 1358 documentum
730 1296 810 1357 idem
827 1296 895 1356 Piso
912 1315 981 1357 mor
996 1295 1078 1356 dedit
1091 1303 1199 1357 vocata
1211 1295 1242 1357 in

176 1383 222 1442 ius
245 1382 412 1461 Urgulania,
435 1401 524 1462 quam
546 1400 635 1460 supra
657 1382 738 1460 leges
765 1380 894 1443 amicitia
914 1382 1062 1460 Augustae
1086 1381 1242 1444 extulerat

177 1466 239 1528 Neo
246 1475 297 1528 aut
304 1466 460 1544 Urgulania
468 1465 692 1546 obtemperavit,
704 1466 736 1526 iu
746 1467 870 1527 domum
882 1465 1011 1528 Caesaris
1022 1474 1124 1545 spreto
1132 1465 1244 1528 Pisone

176 1558 269 1623 vecta,
281 1560 334 1613 aut
347 1552 395 1612 ille
408 1550 559 1624 abscessit,
570 1570 750 1631 quamquam
760 1553 891 1630 Augusta
903 1572 935 1612 se
946 1551 1047 1612 violari
1060 1559 1091 1611 et
1101 1550 1243 1613 imminui
1264 1567 1288 1617 tt

177 1645 360 1716 quereretur.
384 1636 520 1696 Tiberius
534 1638 679 1697 haetenus
691 1637 843 1716 indulgere
856 1637 943 1697 matri
954 1637 1040 1698 civile
1054 1642 1151 1708 ratus,
1165 1643 1200 1697 ut
1215 1655 1246 1698 se

110 1763 112 1768 ·
175 1721 289 1783 iturum
304 1722 340 1782 ad
352 1722 497 1801 praetoris
509 1722 648 1793 tribunal,
660 1722 830 1784 adfuturum
842 1721 1019 1801 Urgulaniae
1031 1721 1155 1795 diceret,
1173 1741 1245 1802 pro·

177 1807 267 1868 cessit
287 1807 406 1877 Palatio,
431 1809 534 1885 procul
554 1808 640 1886 sequi
654 1807 740 1868 iussis
756 1806 907 1869 militibus.
931 1805 1123 1885 Spectabatur
1137 1824 1246 1869 occur·-

176 1898 262 1952 sante
277 1892 388 1971 populo
401 1892 584 1970 compositus
598 1911 649 1952 ore
665 1900 694 1953 et
710 1893 899 1953 sermonibus
913 1891 1001 1954 variis
1014 1901 1137 1970 tempus
1154 1901 1245 1972 atque

174 1976 232 2038 iter
247 1978 369 2047 ducens,
386 1977 480 2038 donec
494 1977 671 2056 propinquis
689 1978 829 2039 Pisonem
844 1977 954 2039 frustra
969 1975 1178 2038 coercentibus
1194 1977 1247 2038 de-
1262 1988 1288 2039 20

176 2102 241 2146 statt
253 2096 324 2146 eines
337 2095 573 2159 conjunctivisclren
584 2094 682 2160 Sataes,
770 2095 911 2147 curbam
920 2099 1015 2162 meique,
1027 2095 1075 2147 ‘die
1086 2096 1245 2148 erlauclrtet-

176 2163 258 2214 indenr
270 2165 316 2215 der
325 2164 469 2215 Nebensatz
482 2164 528 2212 der
541 2164 626 2213 oratio
638 2165 681 2213 ob·
736 2162 809 2227 stan’‚
827 2164 931 2214 beziebt
947 2165 1002 2215 sicli
1021 2164 1114 2215 ebanso
1128 2165 1192 2214 sehr
1202 2161 1247 2215 ui

175 2232 243 2298 liqna
260 2234 355 2283 ebenso
367 2233 418 2282 wie
430 2234 475 2282 der
487 2231 627 2297 Ilauptseta
641 2232 682 2280 be·
735 2231 850 2281 Abkunlt
870 2233 920 2282 und
940 2231 1054 2283 Wiirden
1070 2232 1110 2281 als
1127 2233 1243 2296 sanstige

176 2301 337 2351 bandeltist.
361 2300 617 2366 Cic.p.Cluont.49,
634 2301 681 2351 138
735 2299 938 2364 Auszcichnung.
963 2301 988 2351 S.
1001 2300 1029 2351 11.
1040 2301 1079 2348 43.
1095 2298 1134 2351 111,
1145 2298 1242 2352 23.111.

176 2372 205 2417 at
221 2384 295 2419 mare
312 2373 443 2419 ventorum
459 2371 485 2417 υἱ
495 2371 596 2434 agitari
608 2373 682 2433 atque
735 2368 777 2418 47.
788 2367 836 2418 XI.
849 2368 890 2418 25.
903 2367 959 2419 XII.
973 2369 996 2419 3.
1007 2367 1076 2421 xlv.
1092 2369 1134 2418 4⁰.
1147 2369 1193 2420 47.
1203 2369 1242 2421 57.

175 2438 284 2498 sarbara,
304 2439 342 2487 cic
357 2437 479 2504 populum
495 2438 627 2486 meinaim
644 2453 683 2487 se-
735 2435 794 2487 XV.
808 2438 847 2486 35.
861 2437 891 2485 ll.
904 2436 924 2487 I.
938 2437 962 2487 3.

176 2504 565 2557 diliocommvoeibmconm'tan'.
574 2505 600 2552 B.
613 2505 681 2570 Ilisp.
769 2505 794 2554 3.
813 2506 939 2571 eonseaaio
958 2507 1092 2555 citiorum:
1118 2503 1169 2554 der
1184 2503 1243 2556 Un-

177 2573 218 2635 22,
228 2574 328 2638 lneque
339 2577 416 2623 caetra
426 2571 683 2623 callamle'earaeaca're
736 2571 819 2635 stand,
836 2573 896 2623 dass
913 2587 970 2623 man
988 2573 1042 2623 sich
1055 2573 1126 2622 nicht
1137 2574 1243 2624 sebaste

176 2640 395 2703 nabidiact‘nctum,
406 2640 579 2706 adcireaqaod,
593 2656 682 2705 eaeque
735 2639 777 2690 die
789 2638 883 2691 Laster
896 2641 1083 2705 einaugestehn.

178 2708 301 2776 oppidum
312 2712 415 2775 Ategua
429 2713 494 2759 ascet
506 2713 616 2775 captam,
628 2725 682 2758 mo·
770 2709 794 2758 4.
812 2725 948 2758 mesurae.-
964 2725 993 2760 so
1006 2712 1066 2760 dass
1080 2724 1136 2758 man
1154 2709 1243 2759 solebe

177 2781 205 2826 ta
230 2781 382 2828 contemtos
417 2777 558 2844 complures
592 2778 682 2843 oonsa-
737 2776 1244 2840 durehgreifendeundallgemeineAen-

175 2859 237 2909 gare
265 2849 293 2895 a'n
312 2845 471 2895 Baeturiam.
505 2843 563 2894 Liv.
586 2844 681 2895 XXVI.
736 2844 864 2908 dernngen
874 2847 1070 2896 mechensollte.
1082 2844 1141 2908 Vgl.
1151 2844 1242 2896 11134.

178 2913 219 2975 27,
242 2913 272 2964 12
294 2912 353 2963 Ideo
372 2930 400 2962 se
421 2914 551 2962 moenibus
570 2913 683 2962 imlaaos
771 2901 822 2965 34·
840 2917 865 2964 6.
891 2913 960 2965 Inter·
978 2930 1055 2979 quae.-
1083 2912 1125 2963 bei
1141 2914 1192 2965 der
1208 2914 1243 2964 im

175 2983 260 3029 tenero
279 2995 334 3043 eos,
354 2983 422 3045 qaia,
444 2983 470 3029 si
485 2983 530 3044 qai
544 2983 683 3033 comerent
738 2982 962 3043 vorliergebenden
990 2979 1052 3047 liap.
1082 2981 1242 3033 beriohteton

176 3047 270 3111 nuqua,
284 3047 436 3115 velutsaras
448 3049 684 3114 bestiaaperagros
738 3048 927 3113 Verbandlung.
962 3050 999 3100 Er
1023 3057 1094 3111 sagte
1115 3050 1160 3099 des
1183 3049 1242 3100 Pol-

176 3118 275 3180 sagara
295 3115 324 3165 Il.
336 3118 375 3180 13,
385 3117 400 3166 8
404 3131 469 3182 prae
475 3133 503 3165 cc
503 3118 589 3183 ferro,
599 3133 684 3181 quem-
738 3119 826 3182 gendo,
839 3119 877 3167 als
890 3133 918 3167 er
929 3118 1050 3183 beijener
1059 3118 1243 3183 Verbandlung

176 3182 330 3246 admodum,
358 3187 382 3233 si
403 3199 453 3234 ama
476 3184 583 3234 dedatur
606 3187 682 3249 obses,
737 3185 809 3236 seina
822 3186 1025 3248 stimmeabgab.
1051 3185 1108 3248 Vgl.
1122 3184 1160 3235 Ill.
1174 3186 1217 3238 33.

174 3255 318 3369 migaptq
329 3252 427 3369 spalda?
438 3269 465 3301 se
471 3253 630 3369 abpbitmam
647 3257 684 3334 sic
765 3255 970 3371 μνῖιὸἒίαέηὸῙονί,
981 3255 1022 3304 bei
1033 3254 1080 3303 den
1093 3252 1241 3318 Gecielrtea¹

263 3335 455 3370 manmoaam
523 3335 684 3371 ouosrcmaa-
738 3336 788 3370 wrc
814 3361 819 3371 .
850 3359 856 3370 .
905 3361 911 3372 .

177 3403 277 3438 aarum.
305 3388 364 3438 Tac.
385 3389 414 3438 ll.
428 3388 445 3439 1.
466 3389 495 3438 17
514 3390 685 3453 honorificam
774 3390 814 3438 13.
836 3389 986 3455 Urgulama.
1011 3391 1069 3454 Vgl.
1091 3405 1123 3439 zu
1144 3388 1186 3440 lV.
1199 3391 1241 3441 22.

177 3455 207 3506 id
216 3457 342 3506 ansteum
353 3457 419 3521 lore,
438 3472 547 3520 qaorum
559 3457 683 3521 senoreto,
737 3456 793 3507 lbra
817 3458 926 3508 Ilnlrelin
950 3458 1059 3508 Plautia
1080 3459 1243 3524 Urgalmailla

178 3529 208 3574 at
228 3524 369 3590 largitione
389 3529 414 3574 et
434 3525 534 3574 ambita
550 3525 617 3574 male
637 3525 684 3575 ad-
737 3540 792 3575 war
805 3525 936 3576 Gemablin
953 3529 998 3578 des
1017 3528 1118 3592 spiitern
1132 3525 1242 3578 Kelsers

177 3594 252 3656 quiri,
267 3596 303 3642 tta
313 3609 359 3660 per
371 3594 451 3642 bocas
462 3596 531 3643 artos
541 3593 683 3659 hauteper-
736 3594 864 3644 Claudius.
890 3594 958 3646 Suet.
973 3596 1060 3645 Claud.
1074 3597 1115 3646 26.

175 3660 294 3710 ommam
335 3661 370 3712 lm
398 3660 579 3712 Griechischcn
606 3661 684 3711 findet
772 3662 811 3712 17.
826 3662 964 3728 procedere
985 3664 1032 3713 mit
1062 3666 1117 3714 dem
1136 3664 1241 3716 blossen

176 3727 231 3776 sich
249 3729 305 3779 dies
321 3731 434 3794 baiuligcr
449 3730 490 3780 bei
507 3729 554 3777 den
571 3729 682 3780 'ailtesten
735 3728 842 3780 AblutIv
854 3731 888 3779 ist
900 3731 1063 3782 diclrteriscb.

177 3796 227 3844 und
240 3795 328 3846 besten
342 3796 554 3848 Schriftstellern.
576 3798 600 3847 S.
614 3798 668 3847 Me*
772 3798 811 3848 18.
822 3799 990 3865 precelsoqai
998 3802 1077 3850 iussis
1086 3802 1140 3852 mal
1152 3801 1177 3850 S.
1187 3799 1206 3851 l.
1217 3803 1240 3852 7.

177 3863 329 3928 thimeas.
770 3866 802 3900 ‘²⁰
830 3869 880 3916 *ter
897 3866 989 3908 duem
1004 3870 1073 3918 steht
1089 3869 1132 3919 Iiir
1142 3872 1242 3938 wmpua
