2646 4404
123 242 184 303 106

521 237 665 289 conubia
682 236 792 289 TACl’l'l

1073 251 1103 303 (ι
1116 262 1139 292 a.
1153 248 1191 291 711

122 394 206 455 sibus
232 392 413 470 superabiles
440 392 589 452 Romanos
616 390 840 469 praedicabant,
866 392 918 469 qui
943 390 1060 471 perdita
1087 390 1190 463 classe,

122 477 239 538 amissis
262 477 363 546 armis,
383 485 451 554 post
472 484 622 536 constrata
645 495 790 554 equorum
807 476 998 555 virorumque
1014 473 1192 553 corporibus

121 562 207 623 litora
230 562 332 623 eadem
356 561 474 630 virtute,
498 561 561 637 pari
583 562 693 622 ferocia
715 570 745 621 et
767 562 844 620 velut
864 562 943 621 aucti
958 577 1087 620 numero
1104 558 1191 619 inru-

121 648 245 726 pissent.

63 736 105 792 26
208 731 358 790 Reductus
375 730 445 789 inde
457 728 487 786 in
503 729 626 789 biberna
638 728 732 799 miles,
745 730 838 789 laetus
855 728 956 797 animi,
972 728 1053 806 quod
1069 727 1220 787 adversat

122 815 212 876 maris
235 814 422 893 expeditione
443 831 582 890 prospera
603 813 795 891 pensavisset.
819 814 937 873 Addidit
952 811 1191 872 munificentiam

121 902 237 971 Caesar,
259 907 404 977 quantum
427 898 492 976 quis
515 898 614 957 damni
638 899 789 975 professus
812 907 883 969 erat,
908 898 1101 957 exsolvendo.
1135 895 1192 955 Nec

121 985 246 1045 dubium
269 983 433 1043 habebatur
455 982 553 1041 labare
568 982 669 1041 hostes
685 984 889 1061 petendaeque
905 982 985 1060 pacis
1000 981 1127 1041 consilia
1142 998 1192 1040 su-

121 1089 213 1137 mere,
231 1076 261 1127 et
276 1068 300 1127 si
316 1068 449 1145 proxima
466 1075 561 1126 aestas
576 1067 751 1136 adiceretur,
764 1086 851 1145 posse
863 1067 974 1127 bellum
986 1066 1107 1144 patrari.
1134 1065 1192 1125 Sed

122 1153 232 1214 crebris
254 1153 386 1230 epistulis
408 1150 543 1211 Tiberius
566 1151 714 1223 nauriebat,
732 1152 842 1211 rediret
858 1152 892 1211 ad
910 1152 1066 1210 decretum
1081 1149 1191 1209 trium·
1211 1156 1231 1207 lt

121 1240 228 1317 plmm:
251 1237 322 1297 satis
345 1236 402 1296 iam
425 1245 594 1305 eventuum,
617 1237 689 1294 satis
705 1255 836 1296 casuum.
861 1236 1006 1313 Prospera
1022 1234 1063 1294 illi
1080 1242 1111 1294 et
1129 1253 1193 1295 ma-

121 1341 178 1400 gna
201 1322 328 1399 proelia:
353 1339 455 1380 eorum
479 1338 597 1397 quoque
621 1320 815 1390 meminisset,
839 1339 915 1399 quae
930 1319 1011 1379 renti
1026 1327 1057 1378 et
1071 1320 1191 1391 lluctus,

122 1407 200 1466 nulla
225 1405 307 1465 ducis
331 1405 424 1482 culpa,
441 1405 536 1480 gravia
553 1414 652 1464 tamen
669 1414 698 1465 et
714 1424 799 1465 saeva
816 1406 923 1465 damna
939 1403 1125 1463 intulissent.
1155 1403 1192 1463 Se

121 1491 223 1551 novies
252 1509 266 1549 a
294 1489 360 1547 diro
390 1491 522 1566 Angusto
545 1488 575 1547 in
599 1489 786 1549 Germaniam
810 1490 933 1549 missum
956 1489 1039 1567 plura
1067 1488 1191 1548 consilio

122 1593 210 1652 quam
235 1575 261 1632 vi
288 1573 457 1650 perfecisse.
486 1572 534 1632 Sic
547 1573 728 1650 Sugambros
744 1575 775 1633 in
791 1574 970 1633 deditionem
986 1580 1135 1650 acceptos,
1151 1573 1192 1633 sic
1209 1582 1231 1635 ll

122 1658 237 1719 Suebos
252 1676 412 1736 regemque
433 1656 649 1717 Maroboduum
666 1678 736 1735 pace
751 1659 936 1719 obstrictum.
960 1657 1053 1717 Posse
1069 1664 1100 1717 et
1115 1657 1192 1717 Che-

120 1761 224 1804 ruscos
246 1751 415 1820 ceterasque
435 1741 589 1801 rebellium
609 1750 723 1821 gentes,
745 1744 888 1821 quoniam
910 1742 1062 1801 Romanae
1084 1741 1192 1801 ultioni

121 1828 289 1889 consultum
315 1834 405 1897 esset,
426 1826 552 1886 internis
574 1827 727 1887 discordiis
744 1827 881 1906 relinqui.
905 1827 1050 1886 Precante
1066 1826 1191 1886 Germa·

121 1912 186 1972 nico
203 1929 315 1971 annum
332 1911 495 1971 efliciemlis
509 1911 621 1989 coeptis
638 1913 732 1972 acrius
749 1912 924 1972 modestiam
940 1911 1003 1971 eius
1019 1911 1192 1989 adgreditur

121 1997 246 2057 alterum
264 1997 450 2056 consulatum
467 1997 630 2068 offerendo,
647 1998 730 2057 cuius
746 1997 846 2056 munia
859 2013 997 2074 praesens
1014 1995 1120 2055 obiret.
1145 1994 1193 2055 Si·
1207 2000 1231 2052 11

120 2083 184 2141 mul
197 2080 380 2151 adnectebat,
395 2081 418 2140 si
435 2082 512 2140 soret
527 2081 624 2141 adbuc
638 2082 817 2150 bellandum,
834 2081 1019 2159 relinqueret
1033 2081 1191 2140 materiem

120 2165 207 2226 Drusi
229 2165 328 2225 fratris
351 2166 476 2243 gloriae,
500 2166 551 2245 qui
573 2167 655 2226 nullo
678 2176 741 2226 tum
765 2165 820 2226 alio
843 2166 928 2225 hoste
951 2165 1095 2224 nonnisi
1121 2173 1191 2243 aput

121 2250 296 2311 Germanias
317 2251 436 2329 adsequi
462 2270 574 2311 nomen
596 2251 820 2329 imperatorium
843 2259 873 2310 et
888 2251 1044 2328 deportare
1060 2251 1191 2311 lauream

154 2442 207 2501 26·
231 2454 254 2501 7.
278 2450 329 2502 Nec
355 2453 458 2502 derbium
488 2454 627 2503 debebatur

120 2548 153 2555 -
164 2535 238 2585 posse
249 2520 342 2570 bellum
354 2524 466 2585 patrari.
487 2522 545 2570 llies
559 2537 626 2569 muss

120 2589 184 2636 nach
205 2589 253 2637 don
275 2588 420 2649 bisherigen
444 2589 468 2636 in
490 2588 627 2637 Wabrhcit

120 2655 190 2703 nicht
202 2656 372 2706 beileutenden
386 2654 508 2717 llrfolgeu
521 2656 566 2704 der
578 2655 627 2704 Ru-

119 2721 627 2774 mermehralszweifelbaltersoheinen.

120 2856 129 2906 l
157 2792 196 2839 10.
215 2791 251 2840 ud
265 2792 396 2841 decretum
408 2792 574 2857 triumphum.
600 2792 625 2839 S.

150 2926 195 2977 .11.
215 2929 318 2975 coenatus
335 2924 466 2987 ‘Erlolge',
484 2927 534 2975 wie
553 2927 580 2974 ll.
595 2927 625 2976 V.

123 2992 153 3040 10
175 2998 278 3042 eventus
298 3007 410 3051 casusne,
433 2994 463 3041 A.
482 2994 514 3042 22
531 2993 627 3043 demna

118 3059 248 3108 eventibus
262 3075 378 3125 perorare,
401 3059 485 3109 Lucan
503 3061 545 3112 lV.
566 3062 624 3111 730.

118 3126 182 3174 Plin.
196 3128 219 3177 1.
235 3144 257 3174 n.
269 3126 314 3176 Xl.
331 3129 369 3187 17,
383 3130 430 3187 553
450 3144 487 3192 ep.
501 3129 531 3178 V.
546 3128 586 3191 20,
600 3131 623 3178 2.

118 3194 190 3310 3118112.
205 3194 278 3244 Caes.
298 3195 338 3245 20.
359 3196 433 3260 Vesp.
453 3198 476 3245 7.
496 3197 581 3246 lustin
595 3196 623 3246 ll.

134 3296 142 3324 ,
192 3298 199 3310 .

154 3328 192 3378 14.
225 3332 314 3378 crevier.
356 3329 475 3381 Tiberius
498 3329 583 3381 liibrle
609 3334 622 3380 7

116 3396 194 3445 lubre
207 3412 264 3446 vom
277 3397 356 3448 llbein
370 3415 415 3448 aus
429 3400 455 3447 in
469 3398 622 3449 Germanien

117 3461 201 3527 ltrieg
213 3468 242 3526 (a.
257 3482 287 3514 zu
300 3464 317 3515 1.
331 3466 388 3528 31);
401 3467 623 3516 ausserdemward

118 3546 147 3580 er
162 3534 175 3580 7
189 3549 213 3582 v.
227 3533 270 3583 Cb.
288 3534 363 3583 dabin
380 3536 487 3597 gesandt
500 3535 557 3597 (llio
570 3534 622 3586 LV.

119 3598 143 3661 8)
157 3600 206 3648 und
219 3602 408 3664 d1·angbn.Ch.
421 3619 469 3651 von
480 3602 524 3651 der
535 3602 623 3651 llonau

117 3681 197 3728 gagen
210 3668 315 3718 Marbod
329 3686 383 3720 vor.
409 3670 435 3719 S.
447 3686 479 3718 zu
491 3686 512 3719 c.
525 3672 566 3719 40,

154 3735 192 3783 15.
209 3733 252 3784 Sic
266 3736 424 3801 Sugambros
436 3741 463 3786 iu
472 3738 622 3787 deditionem

116 3804 234 3865 acceptos,
249 3805 290 3853 ein
303 3805 379 3855 Theil
392 3805 407 3854 8
420 3822 445 3854 v.
456 3806 511 3865 Cb,
525 3806 566 3855 ein
580 3822 624 3855 an-

116 3867 194 3919 derer
211 3872 282 3919 ward
299 3873 420 3936 vertilgt3
441 3873 540 3934 wenige
558 3873 624 3922 blie-

683 2453 730 2502 beu
744 2450 790 2502 aul
799 2453 854 2500 dem
867 2453 972 2501 rechten
984 2448 1046 2500 Uler
1060 2451 1146 2514 libr-ig.
1164 2452 1189 2501 S.

682 2537 713 2569 zu
726 2520 742 2569 l.
758 2522 798 2570 50.
816 2521 886 2570 Suet.
904 2520 968 2582 Aug.
988 2519 1016 2567 21
1037 2518 1189 2582 (Augustus)

684 2589 757 2641 bbioe
768 2592 791 2637 et
799 2586 959 2651 Sugambros
969 2586 1087 2636 dedentes
1095 2602 1123 2635 ee
1132 2590 1189 2636 tru-

682 2656 757 2705 duace't
769 2658 796 2703 iu
811 2653 920 2706 Gallium
933 2658 1008 2719 atque
1020 2657 1047 2703 in
1056 2657 1190 2720 praeemit

682 2723 766 2773 libano
778 2726 853 2787 agris
865 2722 1002 2773 collocarit.
1027 2723 1084 2773 Tib.
1098 2723 1113 2772 9
1129 2720 1189 2775 Gar·-

681 2794 780 2839 muru‘eo
791 2791 1004 2852 (belloTiberius)
1012 2789 1188 2853 quadruvium

681 2858 754 2908 milia
771 2858 949 2909 dediticiorum
967 2858 1188 2910 1111111001θαί-

682 2926 744 2975 lium
758 2929 882 2991 ductuque
893 2928 980 2992 ripam
992 2925 1075 2975 liberti
1086 2927 1189 2978 sedibus

680 2996 824 3057 assignatis
836 2995 968 3044 collocavit.
989 2993 1083 3043 Strabo
1096 2994 1150 3048 Vll.
1167 3002 1187 3057 1,

681 3063 704 3114 3.
730 3061 790 3111 Tac.
804 3061 860 3111 Xll.
874 3062 915 3111 39.

717 3130 756 3181 10.
788 3128 881 3178 Suebos
912 3144 1050 3194 regemque
1072 3129 1189 3181 Marobo-

678 3197 767 3247 duum.
794 3198 819 3247 S.
834 3199 954 3247 nuelli.

714 3265 753 3314 20.
774 3267 849 3314 cuius
860 3268 951 3314 munia
960 3280 1081 3330 praesens
1089 3266 1187 3327 obiret,-

677 3349 731 3383 was
752 3333 863 3382 bernaeb
886 3333 956 3381 nicht
976 3332 1094 3394 gescbab.
1124 3334 1150 3383 S.
1164 3351 1187 3384 e.

677 3401 720 3449 42.
733 3400 774 3449 53.

712 3467 752 3517 23.
772 3484 864 3517 rrorrren
882 3469 1082 3533 imperatorium.
1111 3467 1136 3517 S.
1154 3484 1187 3517 zu

677 3533 694 3584 l.
709 3536 731 3583 3.
761 3537 812 3585 Das
833 3535 968 3601 deportare
988 3536 1104 3586 lauream
1125 3537 1188 3585 oder

678 3602 779 3653 bactrum
795 3618 850 3652 war
862 3603 904 3652 die
916 3604 1128 3667 llauptbandluug
1139 3603 1187 3653 des

678 3671 828 3735 Triumphe,
842 3671 923 3720 iudem
937 3672 982 3720 der
997 3670 1053 3733 Zug
1064 3670 1121 3721 auls
1136 3671 1187 3721 Cn-

677 3738 741 3803 pitol
751 3741 810 3802 ging
820 3739 868 3787 und
880 3738 1056 3788 derFeldherr
1066 3739 1122 3788 bier
1133 3740 1186 3789 sei-

679 3805 935 3867 nenLorbeerkranz,
949 3806 1127 3871 denLorbeer‚
1136 3806 1186 3857 den

678 3888 707 3922 er
719 3874 744 3922 in
757 3874 878 3923 derlland
891 3882 951 3936 trug
964 3874 1012 3924 und
1023 3874 1068 3924 mit
1077 3874 1132 3925 dem
1141 3874 1186 3925 die
