2646 4404
173 228 236 291 238
552 224 824 278 connsumcrrr

172 400 320 462 progener
335 380 507 453 destinatus,
524 390 555 442 et
569 381 670 459 Capito
682 379 793 451 Ateius,
810 380 847 441 de
861 398 921 459 quo
935 378 1111 450 memoravi,
1125 378 1228 459 priuci-

171 486 241 546 pem
256 468 288 528 in
304 467 420 527 civitate
435 468 531 527 locum
548 466 655 527 studiis
672 464 806 526 civilibus
817 465 984 537 adsecutus,
1001 464 1054 526 sed
1067 481 1121 525 avo
1131 471 1228 525 centu·

171 554 257 614 rione
270 552 400 623 Sullano,
417 560 501 630 patro
516 552 676 631 praetorio.
700 550 893 611 Consulatum
907 550 935 610 ei
949 550 1167 612 adceleraverat
1176 548 1229 609 du-

172 646 287 716 gustus
302 646 336 698 ut
347 636 515 698 Labeonem
526 636 697 707 Antistium,
709 636 803 695 isdem
816 635 927 696 artibus
939 636 1177 715 praecellentem,
1191 634 1230 695 di·

172 723 311 800 gnatione
327 723 390 783 eius
405 722 595 800 magistratus
610 721 743 781 anteiret.
773 720 908 799 Namque
924 720 970 781 illa
984 729 1067 781 aetas
1082 719 1144 781 duo
1158 719 1252 799 paeist

172 809 276 868 decora
293 808 381 868 simul
396 808 473 867 tulit.
495 808 553 868 Sed
564 807 662 868 Labeo
677 807 849 884 incorrupta
864 804 998 866 libertate
1013 814 1044 866 et
1059 804 1097 865 ob
1114 804 1145 864 id
1160 805 1230 867 mma

171 893 361 965 celebratior;
382 893 531 971 Capitonis
550 892 726 972 obsequium
742 890 964 951 dominantibus
980 890 1073 969 magis
1088 888 1231 969 probaba-

171 986 235 1038 tur:
257 978 305 1048 illi,
328 978 407 1058 quod
428 986 594 1056 praeturam
616 978 694 1037 intra
712 976 805 1048 stetit,
827 975 1047 1036 commendatio
1064 994 1100 1035 ex
1116 974 1231 1047 iniuriat

170 1064 249 1136 huic,
271 1064 351 1142 quod
366 1063 549 1139 consulatum
566 1064 688 1141 adeptus
704 1068 758 1132 est,
781 1062 883 1122 odium
898 1081 934 1122 ex
949 1061 1058 1122 invidia
1075 1061 1230 1122 oriebatur.

119 1153 157 1209 to
172 1149 209 1209 Et
223 1148 308 1209 lunia
329 1149 512 1226 sexagesimo
534 1156 640 1228 quarto
660 1154 730 1226 post
744 1146 962 1225 Pbibppensem
978 1147 1070 1207 aciem
1087 1164 1170 1207 anno
1184 1164 1232 1207 su·
1244 1154 1266 1206 u

171 1253 309 1312 premum
331 1234 409 1294 diem
430 1234 564 1312 explevit,
585 1234 695 1294 Catone
707 1232 851 1292 avunculo
867 1232 975 1308 genita,
995 1231 1027 1291 C.
1043 1231 1139 1292 Cassii
1154 1248 1230 1299 uxor,

169 1318 207 1379 bl.
223 1319 306 1380 Bruti
326 1337 420 1379 soror.
448 1319 674 1380 Testamentum
695 1320 757 1377 eius
773 1317 866 1377 multo
883 1317 960 1395 apud
976 1317 1099 1394 vulgum
1115 1334 1229 1379 rumore

169 1404 235 1479 fuit,
251 1405 319 1484 quia
330 1405 362 1464 in
374 1405 487 1483 mangis
500 1404 614 1483 opibus,
631 1422 697 1463 cum
709 1406 803 1463 ferme
816 1410 938 1462 cunctos
950 1420 1089 1480 proceres
1102 1420 1171 1462 eum
1182 1402 1232 1462 bo·

1029 258 1034 266 ·
1121 236 1228 291 (aaut

206 1592 227 1640 l.
244 1607 376 1660 progener.
403 1593 440 1642 llr
460 1593 537 1644 sollte
555 1593 609 1642 eine
628 1594 672 1642 der
725 1592 821 1658 fiducia
833 1593 971 1655 doctrinae,
986 1595 1064 1657 quiet
1075 1595 1230 1659 ceteruaps·

168 1661 281 1711 Tdebter
297 1660 341 1710 des
354 1661 518 1711 Germanicus
530 1662 671 1711 heiratben.
725 1664 764 1710 ris
782 1663 921 1727 sapientiae
934 1676 1039 1727 operam
1050 1660 1167 1726 dederat,
1175 1660 1229 1728 ple·

203 1731 349 1779 memoravi.
374 1728 434 1779 Tae.
447 1729 526 1779 meint
538 1729 578 1779 die
591 1729 672 1779 Stella
725 1732 795 1779 tuma
808 1732 925 1778 inuocare
937 1730 1057 1779 instituit.

169 1797 233 1846 liurz
256 1798 363 1861 verber,
391 1814 413 1847 e.
439 1798 480 1847 70.
519 1796 671 1847 dusserdem
760 1799 783 1846 6.
796 1799 942 1863 incorrupta
956 1795 1077 1847 libertate.
1098 1796 1229 1860 SeinGag-

170 1865 264 1914 kommt
276 1879 304 1913 er
316 1881 364 1914 vor
376 1863 394 1914 l.
407 1865 448 1916 76.
462 1866 502 1915 79.
725 1881 772 1915 nar
782 1865 870 1930 Cupito
880 1865 903 1913 b.
915 1862 984 1914 Gell.
994 1863 1058 1914 Xlll.
1069 1865 1229 1931 12Agr'tabat

723 1934 850 1983 domninam
877 1932 980 1984 libertas
1003 1932 1129 1998 quaedam
1152 1936 1229 1983 nimia

723 2007 798 2066 utque
809 2016 902 2063 uecors,
918 2017 997 2064 suque
1013 2016 1050 2064 aa,
1068 2002 1228 2053 atdiquu·

722 2075 798 2135 gusto
814 2072 869 2119 iam
876 2070 990 2136 pmumpe
1000 2074 1028 2118 at
1038 2085 1094 2119 rem
1105 2070 1230 2137 publicam

201 1935 345 1998 principem
355 1935 381 1982 in
399 1936 499 1983 claritate
510 1933 598 1983 locunt.
609 1934 669 1983 Die-

169 2000 256 2050 solben
271 2001 364 2052 Worto
377 2001 405 2050 l).
418 2002 460 2052 34.

204 2081 227 2130 2.
247 2082 336 2132 studia
357 2083 443 2132 civilia
473 2084 527 2132 sind
558 2081 599 2132 fiir
621 2084 668 2134 den

168 2148 260 2199 litimer
275 2150 462 2202 Beredsamkeit
477 2153 527 2201 und
539 2152 670 2217 Jurispru-

169 2219 323 2336 dsenz.7p)lier
332 2219 368 2268 ist
380 2221 420 2269 die
433 2221 543 2270 letztore
552 2222 670 2282 gemeint.

189 2303 228 2336 ‚e
277 2324 283 2336 .

203 2373 226 2422 3.
243 2379 315 2440 patra
330 2377 466 2440 praetorio.
489 2374 673 2425 Wahrschein-

168 2440 219 2490 liob
239 2457 294 2491 war
313 2443 369 2492 sein
382 2442 463 2493 Vater
483 2444 528 2494 der
543 2444 569 2493 C.
581 2447 673 2494 Ateius

170 2507 267 2576 Capito,
288 2511 400 2560 weleber
422 2514 453 2561 55
473 2527 498 2560 v.
517 2510 560 2561 Ch.
578 2513 672 2563 Vollrs-

168 2576 256 2626 tribun
269 2593 331 2628 war.
349 2578 396 2628 uio
406 2578 531 2629 XXXIX.
543 2580 574 2628 ³2
582 2580 605 2630 ff.
617 2581 670 2631 Cio.

168 2645 200 2694 de
211 2645 264 2696 div.
277 2645 295 2696 l.
309 2647 349 2709 16,
361 2647 404 2696 29.

205 2730 378 2781 Coueadatum.
397 2731 432 2781 Er
444 2748 499 2782 war
512 2732 606 2782 Consul
618 2732 671 2782 sul-

167 2797 251 2849 feetus
269 2802 284 2849 5
303 2817 326 2849 n.
345 2801 388 2850 Cb
419 2800 490 2850 Fasti
509 2800 598 2851 Prnan.
611 2801 637 2851 C.
651 2800 670 2851 l.

168 2867 195 2917 L.
210 2866 220 2917 l
235 2884 258 2933 p.
271 2869 322 2918 474
338 2869 390 2931 [Cu.
407 2868 485 2919 Cinna
498 2868 526 2917 L.
538 2869 669 2920 Valerius.

725 2139 850 2187 obtinente
870 2140 958 2187 ratum
977 2140 1062 2186 tamen
1076 2153 1229 2205 pensumque

725 2205 791 2255 nilril
797 2207 906 2266 baberet,
916 2207 970 2253 aiei
978 2204 1044 2269 quad
1051 2208 1151 2256 iustum
1161 2222 1229 2257 saue

725 2279 829 2339 tumque
844 2290 898 2323 esee
914 2272 1076 2323 telloneariis
1087 2278 1227 2340 antiquita-

726 2344 793 2392 tibus
815 2342 923 2407 legisset.
950 2340 1019 2391 Suet.
1041 2343 1106 2405 Aug.
1124 2346 1158 2393 5-1
1178 2345 1229 2392 Aa·

725 2413 812 2460 tistius
822 2409 903 2460 Labeo
919 2414 1025 2460 senatus
1043 2409 1158 2475 bettone,
1174 2427 1229 2462 eum

727 2480 862 2529 piretrum
874 2477 975 2542 legaret,
992 2477 1027 2527 ll.
1040 2477 1174 2545 Lepidum,
1185 2481 1229 2529 lto-

725 2552 790 2597 stem
810 2546 875 2595 olim
890 2548 948 2595 eiua
963 2551 987 2595 et
1003 2551 1062 2596 tune
1079 2547 1229 2597 amulanium

725 2616 793 2680 tegit,
806 2617 1029 2679 interrogatusque
1044 2616 1075 2663 ab
1091 2631 1170 2679 eman
1182 2630 1228 2665 aaa

723 2687 809 2733 esseut
824 2682 870 2731 alii
893 2681 1029 2747 digniores,
1045 2686 1124 2732 suum
1145 2700 1229 2748 quem·

724 2750 1177 2870 qqupdlzpzqrpmtaabefipersqpqvnpsatter
1188 2820 1229 2869 des

723 2889 785 2939 Cato
799 2886 927 2937 Uticensis
945 2887 1057 2937 Servilia
1075 2902 1131 2937 war
1144 2894 1230 2939 zuerst

168 2936 236 3001 Slus.
260 2933 287 2987 C.
305 2938 395 2986 Ateius
417 2936 573 2999 [C.Vibius].
594 2935 668 2987 Grut.

167 3003 226 3065 897,
243 3004 258 3053 9
277 3002 303 3053 C.
321 3006 394 3053 Ateio
412 3003 529 3071 Capitone
548 3005 574 3055 e·
593 3005 669 3055 Vibio
724 2973 755 3005 ³¹¹
772 2954 807 3005 Μ·
824 2954 910 3004 lunius
931 2956 1024 3005 Bf¹¹t¹¹⁸
1047 2956 1229 3017 velheifflfflets

166 3070 190 3120 P
541 3076 546 3089 ,
724 3040 769 3075 aus
791 3023 903 3072 woleber
923 3023 977 3072 llbe
999 3022 1032 3073 Μ.
1056 3025 1163 3088 Brutus,
1187 3025 1231 3074 der

189 3075 288 3120 ‘’dum‘'
308 3085 356 3120 ⁰⁰⁸·
384 3071 485 3122 ΗΘΜ
499 3074 600 3124 ⁶¹⁶st
621 3074 669 3124 Μ·
724 3092 826 3143 Mb'rder
843 3090 944 3153 C'isars,
964 3093 1029 3141 donn
1048 3093 1231 3143 cubiculus

167 3136 193 3187 θ·
203 3138 232 3187 V
230 3140 262 3187 a.
279 3139 382 3189 CAte'·
395 3155 444 3189 0⁰⁸·
465 3139 594 3191 cararum
608 3142 669 3207 upr.
724 3160 836 3221 siranus,
855 3159 929 3209 cous.
943 3161 974 3209 oa
993 3176 1018 3209 v.
1032 3160 1075 3210 m.
1110 3160 1167 3211 Van
1184 3162 1231 3211 aaa

167 3205 215 3257 196
226 3206 251 3255 ¹⁵·
264 3208 336 3271 Aug·
352 3207 378 3257 θ·
393 3208 422 3258 V
419 3209 452 3258 44·
468 3207 493 3258 C·
506 3211 572 3260 Ᾱῖθῑ·
586 3226 636 3260 ⁰⁰⁸·
724 3228 884 3278 Sebwestcrn
907 3228 950 3278 des
969 3230 1062 3278 Brutus
1080 3243 1125 3278 ans
1145 3229 1231 3279 dieser

200 3294 223 3340 5.
242 3290 291 3341 duo
307 3295 382 3361 paces
399 3293 497 3346 decora.
521 3296 577 3344 Von
595 3296 670 3347 ibnen
727 3298 837 3347 letztern
854 3294 907 3346 Ehe
924 3312 979 3345 war
996 3296 1038 3346 die
1051 3297 1168 3361 jiiugste,
1186 3297 1232 3347 mit

166 3359 258 3424 gingen
280 3360 321 3411 die
342 3360 432 3411 beiden
449 3362 671 3414 luristenscbulen
724 3364 858 3415 Beinameu
874 3362 963 3415 Tertia
980 3367 1041 3414 oder
1057 3364 1182 3427 Tertulla,
1199 3382 1230 3416 au

166 3444 220 3490 aus,
229 3429 325 3479 welche
335 3429 389 3479 sich
399 3428 450 3481 fast
459 3431 584 3482 durchdie
593 3449 672 3496 garze
725 3434 752 3483 C.
776 3433 880 3483 Cassius
904 3433 963 3491 (Cio.
987 3434 1019 3484 ad
1035 3436 1088 3484 Au.
1106 3432 1230 3496 xlmae,

82 3560 86 3567 ι
165 3494 312 3547 linisarzeit
344 3500 573 3564 gageniiberstebn‚
607 3504 670 3551 nacb
725 3503 753 3563 23
774 3502 807 3550 ed
825 3502 896 3553 Brut.
914 3499 942 3550 ll.
961 3505 983 3552 5.
1003 3504 1027 3551 6.
1054 3502 1120 3551 Plut.
1139 3502 1181 3551 Br.
1195 3503 1229 3563 7),

166 3565 268 3630 spiitern
280 3566 393 3617 Fiibrern
403 3566 537 3619 Sabiniani
547 3571 597 3620 und
608 3571 671 3620 Pro-
725 3570 782 3620 eine
803 3571 884 3620 iiltero
906 3585 937 3619 an
959 3572 1006 3619 den
1027 3569 1177 3620 Triumvirn
1196 3568 1230 3620 lt.

165 3631 263 3682 matiani
278 3644 395 3697 genennt.
424 3636 477 3701 urg.
494 3637 512 3687 l.
530 3639 553 3700 2,
571 3640 585 3687 2
603 3637 619 3703 ξ
638 3641 670 3689 47
724 3638 833 3704 Lepidus
850 3637 1024 3689 verbeiratbet
1037 3639 1097 3701 (Cic.
1114 3639 1146 3687 ad
1159 3642 1231 3690 brut.

169 3699 202 3747 Hi
217 3700 395 3768 duoprimum
411 3706 487 3755 veluti
497 3706 671 3758 diversassec-
724 3707 742 3759 l.
767 3707 805 3756 12.
830 3707 867 3758 13.
890 3706 947 3757 lam.
970 3704 1024 3755 Xll.
1047 3707 1070 3769 8,
1094 3710 1122 3766 1;
1147 3710 1188 3767 1o,
1210 3708 1231 3756 l.

169 3770 426 3834 taeseceruat:nam
439 3776 533 3825 Ateius
546 3775 672 3842 Capitoiu
726 3775 793 3826 Vell.
816 3774 845 3824 ll.
867 3775 918 3836 88).
947 3774 1039 3824 Catone
1059 3775 1183 3826 avunculo
1204 3798 1235 3819 =

168 3836 210 3899 iis,
226 3852 289 3900 quae
305 3842 330 3888 et
347 3841 442 3890 tradita
458 3843 575 3907 suerunt,
589 3859 673 3909 perse·
727 3844 772 3906 ita,
787 3850 815 3892 ut
834 3845 897 3894 Cato
916 3845 971 3894 eius
988 3843 1130 3893 avunculus
1148 3852 1229 3896 esset.

169 3905 285 3967 uerabat;
301 3905 383 3958 Labeo
398 3912 497 3975 ingenii
511 3911 634 3976 qualitate
649 3916 674 3962 et
728 3911 784 3974 Vgl.
801 3910 857 3961 Xll.
871 3913 914 3963 ot.
