2646 4404
156 288 180 327 p.
194 273 234 315 cu.
249 274 283 323 aa)
417 259 460 310 AB
477 257 627 310 EXCBSSU
646 256 711 311 mvl
728 255 873 308 ahddsrr
889 254 931 309 Vl.
951 255 993 308 ³5.
1003 257 1045 308 36.
1160 256 1220 320 361

156 412 356 474 adflictabant.
379 414 462 474 luter
475 431 551 492 quac
567 412 781 474 Pharasmanes
797 410 980 491 Orodesque,
1003 410 1074 471 dum
1090 410 1222 472 strenuis

156 499 268 559 adsunt
284 507 335 559 aut
350 498 554 560 dubitantibus
570 497 760 566 subveniunt,
775 495 928 575 conspicui
943 514 1036 575 eoque
1051 495 1146 574 gnari,
1161 496 1220 557 cla-

155 601 240 644 more
256 585 323 644 telis
339 584 422 662 equis
437 592 628 654 concurrunt,
645 582 804 643 instantius
819 581 1048 642 Pharasmanes:
1069 599 1139 642 nam
1156 581 1222 642 vul-

154 688 213 729 nus
224 686 279 747 per
293 670 405 747 galeam
421 669 532 745 adegit3
554 687 609 729 nec
623 668 730 729 iterare
746 667 846 735 valuit,
862 669 1009 746 praelatus
1024 685 1101 746 equo
1117 675 1148 727 et
1158 666 1222 726 lor·

116 768 135 818 5
157 754 281 815 tissimis
296 755 453 814 satellitum
471 753 695 832 protegentibus
711 753 855 813 saucium.
892 751 982 813 Fame
1007 759 1108 812 mmen
1135 750 1225 814 occisi

156 840 231 900 laiso
247 841 358 899 credita
375 840 519 900 exterruit
534 839 667 911 Parthos,
683 838 894 916 victoriamque
910 855 1097 901 concessere.

184 950 188 955 ⁴
241 923 306 983 llox
324 925 486 985 Artabanus
508 933 569 984 tota
586 926 664 984 mole
685 923 768 1001 regni
785 923 880 984 ultum
896 922 938 983 iit.
963 921 1072 983 Peritia
1086 923 1220 983 locorum
1237 927 1279 981 dh

154 1010 193 1070 ab
208 1008 324 1070 Hiberis
336 1010 443 1070 melius
459 1017 641 1088 pugnatum3
663 1027 719 1070 nec
734 1009 799 1069 ideo
814 1008 1004 1083 abscedebat,
1019 1007 1050 1068 ni
1063 1007 1221 1070 contractis

156 1095 322 1172 legionibus
338 1095 470 1156 Vitellius
486 1104 515 1154 et
529 1094 648 1154 subdito
663 1112 794 1162 rumore,
809 1102 962 1171 tamquam
977 1091 1221 1172 Mesopotamiam

106 1195 133 1246 Ιο
154 1180 321 1251 invasurus,
337 1189 449 1240 metum
467 1180 592 1239 Romani
608 1179 676 1239 belli
691 1179 819 1239 lecisset.
857 1179 933 1240 Tum
957 1179 1066 1239 omissa
1082 1178 1220 1239 Armenia

155 1284 317 1345 versaeque
329 1265 468 1325 Artabani
480 1284 538 1332 res,
553 1265 702 1325 inliciente
715 1264 839 1335 Vitellio,
855 1264 1027 1324 desererent
1038 1281 1138 1340 regem
1155 1283 1221 1324 sae·

156 1369 225 1410 vum
241 1351 271 1410 in
287 1370 358 1429 pace
374 1362 404 1410 et
418 1351 549 1411 adversis
564 1350 745 1428 proeliorum
762 1349 930 1410 exitiosum.
960 1348 1053 1426 lgilur
1068 1349 1220 1419 Sinnaces,

155 1455 244 1514 quem
267 1444 353 1495 autea
376 1436 527 1495 infensum
551 1435 722 1506 memoravi,
744 1443 860 1514 patrem
877 1433 1066 1512 Abdagaesen
1088 1434 1220 1513 aliosque

155 1521 286 1581 occultos
298 1521 412 1581 consilii
425 1531 455 1580 ct
470 1529 543 1580 tunc
555 1520 703 1581 continuis
716 1519 845 1580 cladibus
861 1519 1062 1599 promptiores
1074 1519 1109 1578 ad
1121 1519 1221 1579 delec-

105 1618 133 1668 15
155 1606 269 1666 tionem
283 1606 381 1669 trahit.
397 1606 596 1666 adlluentihus
609 1605 761 1684 paulatim,
773 1606 823 1685 qui
836 1615 917 1665 metu
931 1604 1023 1684 magis
1035 1623 1124 1684 quam
1136 1602 1220 1664 heni-

155 1691 282 1750 volentia
304 1691 428 1750 subiecti
448 1691 574 1770 repertis
595 1691 766 1751 auctoribus
789 1692 971 1751 sustulerant
985 1689 1127 1751 animum.
1160 1689 1221 1749 Nec

156 1777 215 1837 iam
231 1776 308 1836 aliud
325 1777 474 1836 Artabano
490 1776 647 1854 reliquum,
674 1776 803 1854 quamsi
820 1776 870 1855 qui
886 1784 1078 1836 externorum
1104 1774 1221 1854 corpori

155 1862 294 1922 custodes
309 1862 441 1930 aderant,
457 1861 517 1921 suis
533 1862 659 1940 quisque
675 1860 794 1921 scdihus
806 1870 946 1930 extorres,
962 1860 1028 1940 quis
1042 1879 1138 1940 neque
1150 1859 1221 1921 boni

154 1947 323 2008 intellectus
339 1965 437 2026 neque
453 1947 521 2006 mali
537 1965 617 2014 cura,
633 1947 684 2006 sed
700 1948 836 2006 mercede
852 1946 972 2006 aluntur
988 1946 1113 2007 ministri
1126 1946 1219 2006 scele-

105 2040 135 2090 20
153 2032 246 2092 ribus
271 2032 322 2091 His
338 2032 502 2111 adsumptis
517 2032 548 2091 in
561 2032 721 2110 longinqua
735 2041 764 2091 et
776 2032 962 2092 contermina
973 2030 1107 2108 Scythiae
1119 2031 1219 2108 lugam

154 2116 323 2189 maturavit,
334 2118 504 2196 speauxilii‚
517 2115 584 2195 quia
594 2117 735 2196 Hyrcanis
748 2114 1218 2195 Carmaniisqueperadfinitatem

154 2203 281 2263 innexus
304 2212 381 2262 erat:
405 2211 492 2280 atque
508 2203 629 2262 interim
645 2221 734 2280 posse
750 2202 886 2270 Parthos
909 2199 1076 2260 absentium
1099 2218 1219 2279 aequos,

154 2287 364 2367 praesentibus
380 2288 511 2358 mobiles,
528 2287 563 2347 ad
580 2287 794 2366 paenitentiam
810 2286 928 2346 mutari.

193 2426 214 2474 1.
239 2424 302 2474 dum
321 2427 435 2474 strenuis
456 2453 489 2461 —-
512 2425 661 2474 cadreniunt
713 2423 797 2488 Nepos
807 2422 868 2490 Lys.
883 2423 999 2483 1,3Hac
1008 2425 1111 2472 victorio
1120 2422 1219 2488 Lysan-

154 2494 283 2542 ‘wilrrcnd
296 2493 334 2542 sie
348 2494 395 2543 den
408 2491 517 2557 Tapfern
533 2509 579 2541 zur
591 2493 660 2542 Scite
713 2491 758 2541 der
770 2491 857 2552 elatos,
867 2507 923 2541 cunr
933 2496 1011 2540 antea
1020 2493 1219 2558 sernpersactw-

154 2561 212 2611 sind
224 2562 285 2610 oder
298 2562 344 2610 den
360 2561 523 2610 Wanlrendcn
541 2577 572 2608 zu
586 2561 660 2610 lliille
713 2577 759 2609 sur
775 2559 912 2623 audaxque
926 2561 1035 2626 suisset,
1056 2563 1093 2608 sic
1108 2560 1160 2608 eibi
1178 2561 1219 2607 in-

154 2630 238 2679 eilen’.
276 2628 301 2679 la
323 2629 417 2678 adsunt
438 2630 501 2689 liegt
523 2629 592 2678 bloss
614 2630 660 2679 der
713 2627 798 2691 dulcit,
818 2633 849 2678 ut
866 2645 889 2677 u.
908 2646 928 2678 s.
946 2644 977 2677 w,
1001 2629 1108 2691 Attii),
1131 2629 1219 2676 laute

153 2697 305 2748 Eutscbluss
324 2697 524 2747 er·iorderlicben
538 2696 609 2746 Falls
628 2714 660 2747 zu
713 2698 773 2745 baec
782 2697 917 2760 sponsalem.
937 2696 1037 2745 Eheusn
1048 2694 1108 2745 Tac.
1119 2695 1147 2744 lt.
1159 2696 1189 2747 V.
1203 2698 1215 2746 l

152 2765 253 2816 hellen:
274 2782 329 2816 wer
350 2783 380 2814 zu
403 2765 477 2815 Hiille
495 2765 551 2823 eilt,
571 2767 659 2828 glaubt
710 2768 819 2831 privats's
850 2768 983 2829 utriusque
1020 2765 1095 2814 radus
1126 2763 1219 2812 melota

154 2834 242 2883 diesen
262 2833 317 2882 Fall
339 2836 413 2882 sehon
430 2834 587 2895 cingetretcn
610 2835 658 2882 und
713 2833 806 2882 clarus.
830 2834 1019 2883 Maneant-e.
1034 2835 1074 2882 31.

153 2902 211 2951 will
223 2903 277 2951 also
291 2902 426 2964 unhedingt
439 2902 530 2952 hellen.
750 2902 788 2951 14.
801 2901 1015 2951 occultosconsilii
1029 2901 1069 2949 ‘im
1080 2898 1218 2950 Gehcimen

189 2961 238 3019 36.
262 2972 284 3020 7.
305 2970 469 3019 „lleardeutet
487 2970 660 3020 wahrschein-
713 2969 927 3020 Entscblosscnc'.
967 2970 1010 3019 Sic
1030 2969 1118 3018 hatten
1140 2967 1217 3017 sciron

154 3039 259 3097 lichen,
272 3040 330 3088 dass
343 3039 659 3099 hierdiellegebeuheitcu
713 3037 802 3088 friiher
822 3041 869 3088 den
888 3039 1039 3088 Entschluss
1059 3053 1114 3086 zum
1133 3034 1218 3086 Absall

154 3105 659 3169 desselgendenlahrsbeginnen.Setttl.
714 3104 820 3169 gelasst‚
838 3115 937 3169 wagtcn
954 3107 994 3156 ihu
1010 3107 1072 3157 aber
1088 3104 1219 3168 erstJ'etzt

189 3176 285 3225 Peracta
294 3175 413 3230 locorum.
426 3176 451 3224 in
464 3175 540 3237 Fulge
551 3176 595 3225 des
605 3177 661 3225 liin·
713 3175 891 3224 auscul'dbren.

153 3259 218 3361 ἵνα
230 3241 395 3360 Αὲιξοῗῑῧαίῐέ
408 3243 591 3360 ipssArmenien,
610 3245 661 3293 seit
748 3245 788 3360 tll.
801 3239 1160 3362 cmpopttpebdrtezlucpstodes
1168 3239 1218 3289 wie

154 3326 352 3362 remane.
398 3347 403 3357 .
454 3349 459 3359 .
714 3327 867 3362 uuenmtm
892 3327 1112 3363 rtzuscenus.

188 3380 212 3430 9.
239 3383 368 3444 tamquam
392 3377 600 3445 Mesopotamiam
621 3382 660 3428 in-
748 3381 789 3430 20.
808 3379 929 3447 Scyllaea,
944 3397 975 3431 an
989 3382 1033 3431 der
1046 3377 1217 3430 Ostseitedcs

153 3463 270 3498 rasurus.
301 3448 394 3497 llicrzn
413 3449 448 3497 ist
465 3449 533 3497 nicht
549 3453 613 3497 esset
627 3465 658 3496 zu
714 3448 865 3512 Caspischen
881 3450 973 3498 Mecrs.
996 3449 1043 3498 Die
1059 3445 1216 3496 siidlichstcn

153 3518 284 3580 crghnzen.
313 3515 444 3565 Wiirtlich
461 3516 553 3566 ‘iudam
571 3533 599 3566 er
619 3517 658 3565 eiu
713 3517 759 3566 der
771 3517 882 3583 Scythen
901 3532 985 3566 waren
998 3518 1040 3565 dic
1052 3516 1217 3582 llyrcaner

153 3584 267 3635 Geriicht
284 3585 447 3648 verbreitete,
463 3585 513 3633 wie
530 3586 554 3634 in
573 3585 659 3634 bleso-
712 3585 880 3643 nndDahcr‚
891 3582 1217 3646 beidencneranlgewaclr·

152 3653 280 3718 potamien
297 3652 419 3702 einl'allen
431 3652 558 3704 wollend'.
712 3669 756 3702 sen
776 3668 830 3701 war
849 3651 886 3714 (ll.
905 3653 941 3708 3l:
969 3652 1011 3702 die
1028 3650 1217 3702 Carmanier

190 3722 229 3773 13.
244 3726 318 3770 arrha
329 3721 461 3785 insensum
474 3722 585 3770 ‘sehon
600 3737 659 3769 vor·
713 3721 830 3769 wohnten
843 3722 889 3770 aul
898 3723 945 3771 dcr
961 3727 1217 3784 cntgcgcngesetzten

152 3789 200 3839 ber
217 3787 369 3851 leindselig’,
388 3789 437 3838 wie
450 3790 479 3839 ll.
494 3788 532 3840 lll.
551 3791 582 3839 83
597 3788 659 3839 Con·
713 3789 782 3838 Seite
793 3788 1116 3852 desParthischeullciehs
1126 3788 1216 3838 imSii-

147 3856 280 3924 flt'waat
295 3863 355 3906 onte
371 3860 470 3907 annali
482 3861 612 3909 exercilus
632 3861 657 3907 in
713 3857 768 3912 den.
780 3872 819 3907 am
832 3859 977 3924 persischeu
990 3857 1148 3908 Meerbusen.

152 3925 216 3977 urbe
228 3923 509 3977 undaucbbeiAndern
523 3926 597 3988 diter,
610 3929 658 3976 wie
747 3929 788 3977 21.
804 3942 850 3994 per
862 3925 1021 3993 adfinitatem
1035 3929 1145 3976 {name
1156 3923 1218 3975 auch
