<?xml version="1.0" encoding="UTF-8"?>
<!DOCTYPE html PUBLIC "-//W3C//DTD XHTML 1.0 Transitional//EN"
    "http://www.w3.org/TR/xhtml1/DTD/xhtml1-transitional.dtd">
<html xmlns="http://www.w3.org/1999/xhtml" xml:lang="en" lang="en">
 <head>
  <title>
</title>
<meta http-equiv="Content-Type" content="text/html;charset=utf-8" />
  <meta name='ocr-system' content='tesseract 3.04.00' />
  <meta name='ocr-capabilities' content='ocr_page ocr_carea ocr_par ocr_line ocrx_word'/>
</head>
<body>
  <div class='ocr_page' id='page_1' title='image "./corneliustacitu02tacigoog_0280.png"; bbox 0 0 2646 4404; ppageno 0'>
   <div class='ocr_carea' id='block_1_1' title="bbox 156 213 1220 283">
    <p class='ocr_par' dir='ltr' id='par_1_1' title="bbox 156 213 1220 283">
     <span class='ocr_line' id='line_1_1' title="bbox 156 213 1220 283; baseline -0.029 1"><span class='ocrx_word' id='word_1_1' title='bbox 156 242 177 283; x_wconf 71' lang='lat' dir='ltr'><strong>a</strong></span> <span class='ocrx_word' id='word_1_2' title='bbox 192 228 232 273; x_wconf 70' lang='lat' dir='ltr'><strong>cu</strong></span> <span class='ocrx_word' id='word_1_3' title='bbox 245 229 281 283; x_wconf 78' lang='lat' dir='ltr'><strong>aa</strong></span> <span class='ocrx_word' id='word_1_4' title='bbox 412 216 453 266; x_wconf 78' lang='lat' dir='ltr'><strong>nn</strong></span> <span class='ocrx_word' id='word_1_5' title='bbox 469 214 620 268; x_wconf 76' lang='lat' dir='ltr'><strong>excussu</strong></span> <span class='ocrx_word' id='word_1_6' title='bbox 637 213 707 268; x_wconf 89' lang='lat' dir='ltr'><strong>nrvr</strong></span> <span class='ocrx_word' id='word_1_7' title='bbox 722 213 866 270; x_wconf 79' lang='lat' dir='ltr'><strong>auousrr</strong></span> <span class='ocrx_word' id='word_1_8' title='bbox 883 214 925 267; x_wconf 87' lang='lat' dir='ltr'><strong>iv.</strong></span> <span class='ocrx_word' id='word_1_9' title='bbox 944 215 969 266; x_wconf 87' lang='lat' dir='ltr'><strong>a.</strong></span> <span class='ocrx_word' id='word_1_10' title='bbox 989 215 1011 264; x_wconf 81' lang='lat' dir='ltr'><strong>r.</strong></span> <span class='ocrx_word' id='word_1_11' title='bbox 1159 213 1220 279; x_wconf 74' lang='lat'><strong>247</strong></span> 
     </span>
    </p>
   </div>
   <div class='ocr_carea' id='block_1_2' title="bbox 105 369 1262 2238">
    <p class='ocr_par' dir='ltr' id='par_1_2' title="bbox 105 369 1262 2238">
     <span class='ocr_line' id='line_1_2' title="bbox 156 369 1222 450; baseline 0.003 -20"><span class='ocrx_word' id='word_1_12' title='bbox 156 380 246 433; x_wconf 87' lang='lat' dir='ltr'><strong>tuum</strong></span> <span class='ocrx_word' id='word_1_13' title='bbox 266 369 459 432; x_wconf 74' lang='lat' dir='ltr'><strong>societatibus</strong></span> <span class='ocrx_word' id='word_1_14' title='bbox 477 370 614 450; x_wconf 77' lang='lat' dir='ltr'><strong>equiturn</strong></span> <span class='ocrx_word' id='word_1_15' title='bbox 633 370 837 432; x_wconf 79' lang='lat' dir='ltr'><strong>Romanorum</strong></span> <span class='ocrx_word' id='word_1_16' title='bbox 857 369 1047 447; x_wconf 78' lang='lat' dir='ltr'><strong>agitabantur.</strong></span> <span class='ocrx_word' id='word_1_17' title='bbox 1076 369 1132 433; x_wconf 85' lang='lat' dir='ltr'><strong>llas</strong></span> <span class='ocrx_word' id='word_1_18' title='bbox 1153 387 1222 433; x_wconf 77' lang='lat' dir='ltr'><strong>suas</strong></span> 
     </span>
     <span class='ocr_line' id='line_1_3' title="bbox 158 454 1222 535; baseline -0.002 -18"><span class='ocrx_word' id='word_1_19' title='bbox 158 455 267 517; x_wconf 84' lang='lat' dir='ltr'><strong>Caesar</strong></span> <span class='ocrx_word' id='word_1_20' title='bbox 286 455 504 535; x_wconf 72' lang='lat' dir='ltr'><strong>spectatissimo</strong></span> <span class='ocrx_word' id='word_1_21' title='bbox 525 454 640 535; x_wconf 80' lang='lat' dir='ltr'><strong>auique,</strong></span> <span class='ocrx_word' id='word_1_22' title='bbox 662 454 838 534; x_wconf 86' lang='lat' dir='ltr'><strong>quibusdam</strong></span> <span class='ocrx_word' id='word_1_23' title='bbox 861 454 970 533; x_wconf 85' lang='lat' dir='ltr'><strong>ignotis</strong></span> <span class='ocrx_word' id='word_1_24' title='bbox 993 474 1028 515; x_wconf 81' lang='lat' dir='ltr'><strong>ex</strong></span> <span class='ocrx_word' id='word_1_25' title='bbox 1043 457 1121 517; x_wconf 83' lang='lat' dir='ltr'><strong>lama</strong></span> <span class='ocrx_word' id='word_1_26' title='bbox 1137 471 1222 519; x_wconf 79' lang='lat' dir='ltr'><strong>man-</strong></span> 
     </span>
     <span class='ocr_line' id='line_1_4' title="bbox 157 539 1223 621; baseline 0 -20"><span class='ocrx_word' id='word_1_27' title='bbox 157 540 261 615; x_wconf 78' lang='lat' dir='ltr'><strong>dabat3</strong></span> <span class='ocrx_word' id='word_1_28' title='bbox 281 542 434 620; x_wconf 76' lang='lat' dir='ltr'><strong>semelque</strong></span> <span class='ocrx_word' id='word_1_29' title='bbox 456 540 605 620; x_wconf 79' lang='lat' dir='ltr'><strong>adsumpti</strong></span> <span class='ocrx_word' id='word_1_30' title='bbox 623 541 801 602; x_wconf 83' lang='lat' dir='ltr'><strong>tenebantur</strong></span> <span class='ocrx_word' id='word_1_31' title='bbox 814 558 937 621; x_wconf 87' lang='lat' dir='ltr'><strong>prorsus</strong></span> <span class='ocrx_word' id='word_1_32' title='bbox 952 539 1018 601; x_wconf 84' lang='lat' dir='ltr'><strong>sine</strong></span> <span class='ocrx_word' id='word_1_33' title='bbox 1032 540 1131 611; x_wconf 86' lang='lat' dir='ltr'><strong>modo,</strong></span> <span class='ocrx_word' id='word_1_34' title='bbox 1154 558 1223 601; x_wconf 78' lang='lat' dir='ltr'><strong>euin</strong></span> 
     </span>
     <span class='ocr_line' id='line_1_5' title="bbox 154 624 1221 709; baseline -0.001 -22"><span class='ocrx_word' id='word_1_35' title='bbox 154 625 294 709; x_wconf 77' lang='lat' dir='ltr'><strong>plerique</strong></span> <span class='ocrx_word' id='word_1_36' title='bbox 313 627 407 687; x_wconf 82' lang='lat' dir='ltr'><strong>isdem</strong></span> <span class='ocrx_word' id='word_1_37' title='bbox 426 625 553 703; x_wconf 88' lang='lat' dir='ltr'><strong>negotiis</strong></span> <span class='ocrx_word' id='word_1_38' title='bbox 570 626 802 687; x_wconf 84' lang='lat' dir='ltr'><strong>inseneseerent.</strong></span> <span class='ocrx_word' id='word_1_39' title='bbox 830 625 934 687; x_wconf 85' lang='lat' dir='ltr'><strong>Plebes</strong></span> <span class='ocrx_word' id='word_1_40' title='bbox 955 624 1016 687; x_wconf 85' lang='lat' dir='ltr'><strong>aeri</strong></span> <span class='ocrx_word' id='word_1_41' title='bbox 1031 625 1151 703; x_wconf 90' lang='lat' dir='ltr'><strong>quidem</strong></span> <span class='ocrx_word' id='word_1_42' title='bbox 1167 642 1221 686; x_wconf 90' lang='lat' dir='ltr'><strong>an-</strong></span> 
     </span>
     <span class='ocr_line' id='line_1_6' title="bbox 121 709 1223 791; baseline 0.003 -19"><span class='ocrx_word' id='word_1_43' title='bbox 121 722 136 773; x_wconf 80' lang='lat' dir='ltr'><strong>t</strong></span> <span class='ocrx_word' id='word_1_44' title='bbox 155 727 239 772; x_wconf 84' lang='lat' dir='ltr'><strong>nona</strong></span> <span class='ocrx_word' id='word_1_45' title='bbox 260 710 447 790; x_wconf 77' lang='lat' dir='ltr'><strong>fatigabatur,</strong></span> <span class='ocrx_word' id='word_1_46' title='bbox 469 711 519 772; x_wconf 85' lang='lat' dir='ltr'><strong>sad</strong></span> <span class='ocrx_word' id='word_1_47' title='bbox 540 711 620 771; x_wconf 90' lang='lat' dir='ltr'><strong>nulla</strong></span> <span class='ocrx_word' id='word_1_48' title='bbox 640 712 674 772; x_wconf 92' lang='lat' dir='ltr'><strong>in</strong></span> <span class='ocrx_word' id='word_1_49' title='bbox 688 730 723 772; x_wconf 85' lang='lat' dir='ltr'><strong>eo</strong></span> <span class='ocrx_word' id='word_1_50' title='bbox 738 713 823 790; x_wconf 85' lang='lat' dir='ltr'><strong>eulpa</strong></span> <span class='ocrx_word' id='word_1_51' title='bbox 837 730 873 771; x_wconf 83' lang='lat' dir='ltr'><strong>ex</strong></span> <span class='ocrx_word' id='word_1_52' title='bbox 888 711 1035 791; x_wconf 75' lang='lat' dir='ltr'>principe:</span> <span class='ocrx_word' id='word_1_53' title='bbox 1058 710 1130 789; x_wconf 85' lang='lat' dir='ltr'><strong>quin</strong></span> <span class='ocrx_word' id='word_1_54' title='bbox 1146 709 1223 775; x_wconf 76' lang='lat' dir='ltr'><strong>infu-</strong></span> 
     </span>
     <span class='ocr_line' id='line_1_7' title="bbox 154 794 1223 874; baseline 0 -16"><span class='ocrx_word' id='word_1_55' title='bbox 154 796 305 858; x_wconf 85' lang='lat' dir='ltr'><strong>eunditati</strong></span> <span class='ocrx_word' id='word_1_56' title='bbox 317 807 464 858; x_wconf 84' lang='lat' dir='ltr'><strong>terrarum</strong></span> <span class='ocrx_word' id='word_1_57' title='bbox 474 804 525 857; x_wconf 89' lang='lat' dir='ltr'><strong>aut</strong></span> <span class='ocrx_word' id='word_1_58' title='bbox 535 797 647 874; x_wconf 84' lang='lat' dir='ltr'><strong>asperis</strong></span> <span class='ocrx_word' id='word_1_59' title='bbox 660 797 749 857; x_wconf 81' lang='lat' dir='ltr'><strong>maris</strong></span> <span class='ocrx_word' id='word_1_60' title='bbox 761 794 877 857; x_wconf 85' lang='lat' dir='ltr'><strong>obviam</strong></span> <span class='ocrx_word' id='word_1_61' title='bbox 890 795 934 869; x_wconf 89' lang='lat' dir='ltr'><strong>iit,</strong></span> <span class='ocrx_word' id='word_1_62' title='bbox 946 802 1092 874; x_wconf 80' lang='lat' dir='ltr'><strong>quantum</strong></span> <span class='ocrx_word' id='word_1_63' title='bbox 1104 795 1223 874; x_wconf 82' lang='lat' dir='ltr'><strong>impen-</strong></span> 
     </span>
     <span class='ocr_line' id='line_1_8' title="bbox 154 880 1225 961; baseline -0.003 -18"><span class='ocrx_word' id='word_1_64' title='bbox 154 881 209 943; x_wconf 87' lang='lat' dir='ltr'><strong>dio</strong></span> <span class='ocrx_word' id='word_1_65' title='bbox 230 880 441 961; x_wconf 76' lang='lat' dir='ltr'><strong>diligentiaque</strong></span> <span class='ocrx_word' id='word_1_66' title='bbox 461 888 587 961; x_wconf 85' lang='lat' dir='ltr'><strong>poterat.</strong></span> <span class='ocrx_word' id='word_1_67' title='bbox 615 882 652 942; x_wconf 82' lang='lat' dir='ltr'><strong>Et</strong></span> <span class='ocrx_word' id='word_1_68' title='bbox 667 899 704 942; x_wconf 91' lang='lat' dir='ltr'><strong>ne</strong></span> <span class='ocrx_word' id='word_1_69' title='bbox 720 880 889 961; x_wconf 83' lang='lat' dir='ltr'><strong>provinciae</strong></span> <span class='ocrx_word' id='word_1_70' title='bbox 904 882 990 942; x_wconf 88' lang='lat' dir='ltr'><strong>novis</strong></span> <span class='ocrx_word' id='word_1_71' title='bbox 1004 880 1145 943; x_wconf 86' lang='lat' dir='ltr'><strong>oneribus</strong></span> <span class='ocrx_word' id='word_1_72' title='bbox 1159 888 1225 941; x_wconf 89' lang='lat' dir='ltr'><strong>tnr-</strong></span> 
     </span>
     <span class='ocr_line' id='line_1_9' title="bbox 152 964 1224 1045; baseline -0.001 -16"><span class='ocrx_word' id='word_1_73' title='bbox 152 964 302 1029; x_wconf 78' lang='lat' dir='ltr'><strong>barentur</strong></span> <span class='ocrx_word' id='word_1_74' title='bbox 316 974 408 1045; x_wconf 81' lang='lat' dir='ltr'><strong>utque</strong></span> <span class='ocrx_word' id='word_1_75' title='bbox 422 974 520 1027; x_wconf 83' lang='lat' dir='ltr'><strong>vetera</strong></span> <span class='ocrx_word' id='word_1_76' title='bbox 535 967 599 1027; x_wconf 90' lang='lat' dir='ltr'><strong>sine</strong></span> <span class='ocrx_word' id='word_1_77' title='bbox 615 966 734 1027; x_wconf 84' lang='lat' dir='ltr'><strong>avaritia</strong></span> <span class='ocrx_word' id='word_1_78' title='bbox 749 975 799 1027; x_wconf 84' lang='lat' dir='ltr'><strong>ant</strong></span> <span class='ocrx_word' id='word_1_79' title='bbox 815 966 985 1027; x_wconf 86' lang='lat' dir='ltr'><strong>erudelitate</strong></span> <span class='ocrx_word' id='word_1_80' title='bbox 998 965 1224 1043; x_wconf 79' lang='lat' dir='ltr'><strong>magistratuum</strong></span> 
     </span>
     <span class='ocr_line' id='line_1_10' title="bbox 153 1051 1225 1131; baseline -0.002 -18"><span class='ocrx_word' id='word_1_81' title='bbox 153 1051 334 1119; x_wconf 80' lang='lat' dir='ltr'><strong>tolerarent,</strong></span> <span class='ocrx_word' id='word_1_82' title='bbox 345 1051 533 1130; x_wconf 69' lang='lat' dir='ltr'><strong>providebat:</strong></span> <span class='ocrx_word' id='word_1_83' title='bbox 546 1070 704 1131; x_wconf 85' lang='lat' dir='ltr'><strong>corporum</strong></span> <span class='ocrx_word' id='word_1_84' title='bbox 717 1053 848 1124; x_wconf 84' lang='lat' dir='ltr'><strong>verbera,</strong></span> <span class='ocrx_word' id='word_1_85' title='bbox 860 1051 1066 1130; x_wconf 65' lang='lat' dir='ltr'><strong>ademptiones</strong></span> <span class='ocrx_word' id='word_1_86' title='bbox 1076 1052 1225 1112; x_wconf 91' lang='lat' dir='ltr'><strong>bonorum</strong></span> 
     </span>
     <span class='ocr_line' id='line_1_11' title="bbox 105 1135 1262 1215; baseline -0.003 -18"><span class='ocrx_word' id='word_1_87' title='bbox 105 1150 132 1201; x_wconf 80' lang='grc' dir='ltr'><strong>ιο</strong></span> <span class='ocrx_word' id='word_1_88' title='bbox 152 1135 292 1201; x_wconf 83' lang='lat' dir='ltr'><strong>aberant.</strong></span> <span class='ocrx_word' id='word_1_89' title='bbox 321 1137 391 1197; x_wconf 84' lang='lat' dir='ltr'><strong>Rari</strong></span> <span class='ocrx_word' id='word_1_90' title='bbox 410 1157 464 1215; x_wconf 91' lang='lat' dir='ltr'><strong>per</strong></span> <span class='ocrx_word' id='word_1_91' title='bbox 478 1136 593 1198; x_wconf 86' lang='lat' dir='ltr'><strong>ltaliam</strong></span> <span class='ocrx_word' id='word_1_92' title='bbox 613 1137 744 1199; x_wconf 77' lang='lat' dir='ltr'><strong>Caesaris</strong></span> <span class='ocrx_word' id='word_1_93' title='bbox 766 1137 836 1214; x_wconf 86' lang='lat' dir='ltr'><strong>agri,</strong></span> <span class='ocrx_word' id='word_1_94' title='bbox 860 1137 994 1200; x_wconf 83' lang='lat' dir='ltr'><strong>modesta</strong></span> <span class='ocrx_word' id='word_1_95' title='bbox 1009 1136 1135 1207; x_wconf 80' lang='lat' dir='ltr'><strong>servitia,</strong></span> <span class='ocrx_word' id='word_1_96' title='bbox 1150 1136 1262 1201; x_wconf 75' lang='lat' dir='ltr'><strong>intrat</strong></span> 
     </span>
     <span class='ocr_line' id='line_1_12' title="bbox 152 1221 1226 1303; baseline 0.004 -21"><span class='ocrx_word' id='word_1_97' title='bbox 152 1238 270 1303; x_wconf 76' lang='lat' dir='ltr'><strong>pauooe</strong></span> <span class='ocrx_word' id='word_1_98' title='bbox 295 1221 415 1282; x_wconf 77' lang='lat' dir='ltr'><strong>libertos</strong></span> <span class='ocrx_word' id='word_1_99' title='bbox 437 1223 559 1294; x_wconf 63' lang='lat' dir='ltr'><strong>domum</strong></span> <span class='ocrx_word' id='word_1_100' title='bbox 585 1242 619 1284; x_wconf 84' lang='lat' dir='ltr'><strong>ae</strong></span> <span class='ocrx_word' id='word_1_101' title='bbox 638 1223 663 1283; x_wconf 86' lang='lat' dir='ltr'><strong>si</strong></span> <span class='ocrx_word' id='word_1_102' title='bbox 682 1222 802 1302; x_wconf 87' lang='lat' dir='ltr'><strong>quando</strong></span> <span class='ocrx_word' id='word_1_103' title='bbox 823 1241 890 1283; x_wconf 85' lang='lat' dir='ltr'><strong>oum</strong></span> <span class='ocrx_word' id='word_1_104' title='bbox 906 1222 1027 1301; x_wconf 76' lang='lat' dir='ltr'><strong>privadis</strong></span> <span class='ocrx_word' id='word_1_105' title='bbox 1042 1222 1226 1301; x_wconf 77' lang='lat' dir='ltr'><strong>disceptaret,</strong></span> 
     </span>
     <span class='ocr_line' id='line_1_13' title="bbox 153 1307 374 1369; baseline -0.009 0"><span class='ocrx_word' id='word_1_106' title='bbox 153 1308 258 1369; x_wconf 83' lang='lat' dir='ltr'><strong>forum</strong></span> <span class='ocrx_word' id='word_1_107' title='bbox 274 1314 304 1367; x_wconf 86' lang='lat' dir='ltr'><strong>at</strong></span> <span class='ocrx_word' id='word_1_108' title='bbox 318 1307 374 1368; x_wconf 83' lang='lat' dir='ltr'><strong>ios.</strong></span> 
     </span>
     <span class='ocr_line' id='line_1_14' title="bbox 206 1391 1227 1471; baseline -0.001 -19"><span class='ocrx_word' id='word_1_109' title='bbox 206 1392 210 1396; x_wconf 83' lang='lat'>&#39;</span> <span class='ocrx_word' id='word_1_110' title='bbox 246 1391 328 1464; x_wconf 84' lang='lat' dir='ltr'><strong>Quae</strong></span> <span class='ocrx_word' id='word_1_111' title='bbox 350 1401 463 1462; x_wconf 84' lang='lat' dir='ltr'><strong>cuncta,</strong></span> <span class='ocrx_word' id='word_1_112' title='bbox 490 1410 553 1453; x_wconf 91' lang='lat' dir='ltr'><strong>non</strong></span> <span class='ocrx_word' id='word_1_113' title='bbox 574 1391 696 1471; x_wconf 81' lang='lat' dir='ltr'><strong>quidem</strong></span> <span class='ocrx_word' id='word_1_114' title='bbox 718 1392 796 1453; x_wconf 85' lang='lat' dir='ltr'><strong>eomi</strong></span> <span class='ocrx_word' id='word_1_115' title='bbox 816 1391 869 1462; x_wconf 84' lang='lat' dir='ltr'><strong>via,</strong></span> <span class='ocrx_word' id='word_1_116' title='bbox 896 1391 947 1452; x_wconf 87' lang='lat' dir='ltr'><strong>sed</strong></span> <span class='ocrx_word' id='word_1_117' title='bbox 963 1391 1101 1453; x_wconf 89' lang='lat' dir='ltr'><strong>horridus</strong></span> <span class='ocrx_word' id='word_1_118' title='bbox 1115 1410 1149 1452; x_wconf 85' lang='lat' dir='ltr'><strong>ac</strong></span> <span class='ocrx_word' id='word_1_119' title='bbox 1163 1391 1227 1470; x_wconf 89' lang='lat' dir='ltr'><strong>ple-</strong></span> 
     </span>
     <span class='ocr_line' id='line_1_15' title="bbox 153 1476 1227 1556; baseline -0.002 -17"><span class='ocrx_word' id='word_1_120' title='bbox 153 1494 288 1556; x_wconf 85' lang='lat' dir='ltr'><strong>rumque</strong></span> <span class='ocrx_word' id='word_1_121' title='bbox 307 1478 493 1550; x_wconf 84' lang='lat' dir='ltr'><strong>formidatus,</strong></span> <span class='ocrx_word' id='word_1_122' title='bbox 515 1476 662 1539; x_wconf 86' lang='lat' dir='ltr'><strong>retinebat</strong></span> <span class='ocrx_word' id='word_1_123' title='bbox 676 1484 786 1549; x_wconf 79' lang='lat' dir='ltr'><strong>tamen,</strong></span> <span class='ocrx_word' id='word_1_124' title='bbox 808 1478 905 1538; x_wconf 83' lang='lat' dir='ltr'><strong>donee</strong></span> <span class='ocrx_word' id='word_1_125' title='bbox 919 1483 1016 1539; x_wconf 84' lang='lat' dir='ltr'><strong>morte</strong></span> <span class='ocrx_word' id='word_1_126' title='bbox 1030 1476 1116 1538; x_wconf 85' lang='lat' dir='ltr'><strong>Drusi</strong></span> <span class='ocrx_word' id='word_1_127' title='bbox 1131 1483 1227 1537; x_wconf 86' lang='lat' dir='ltr'><strong>verte-</strong></span> 
     </span>
     <span class='ocr_line' id='line_1_16' title="bbox 105 1560 1228 1642; baseline 0 -21"><span class='ocrx_word' id='word_1_128' title='bbox 105 1568 134 1621; x_wconf 80' lang='lat' dir='ltr'><strong>ts</strong></span> <span class='ocrx_word' id='word_1_129' title='bbox 154 1573 277 1624; x_wconf 85' lang='lat' dir='ltr'><strong>rentur.</strong></span> <span class='ocrx_word' id='word_1_130' title='bbox 306 1562 382 1623; x_wconf 87' lang='lat' dir='ltr'><strong>Nam</strong></span> <span class='ocrx_word' id='word_1_131' title='bbox 406 1563 477 1622; x_wconf 90' lang='lat' dir='ltr'><strong>dom</strong></span> <span class='ocrx_word' id='word_1_132' title='bbox 492 1563 650 1642; x_wconf 85' lang='lat' dir='ltr'><strong>superfuit,</strong></span> <span class='ocrx_word' id='word_1_133' title='bbox 674 1581 822 1635; x_wconf 75' lang='lat' dir='ltr'><strong>mansore,</strong></span> <span class='ocrx_word' id='word_1_134' title='bbox 843 1561 909 1641; x_wconf 87' lang='lat' dir='ltr'><strong>quia</strong></span> <span class='ocrx_word' id='word_1_135' title='bbox 926 1561 1053 1623; x_wconf 85' lang='lat' dir='ltr'><strong>Seianus</strong></span> <span class='ocrx_word' id='word_1_136' title='bbox 1067 1560 1228 1640; x_wconf 79' lang='lat' dir='ltr'><strong>insipiente</strong></span> 
     </span>
     <span class='ocr_line' id='line_1_17' title="bbox 156 1647 1228 1727; baseline -0.001 -18"><span class='ocrx_word' id='word_1_137' title='bbox 156 1648 259 1710; x_wconf 79' lang='lat' dir='ltr'><strong>adhuc</strong></span> <span class='ocrx_word' id='word_1_138' title='bbox 277 1647 408 1727; x_wconf 82' lang='lat' dir='ltr'><strong>potentia</strong></span> <span class='ocrx_word' id='word_1_139' title='bbox 423 1647 510 1708; x_wconf 88' lang='lat' dir='ltr'><strong>bonis</strong></span> <span class='ocrx_word' id='word_1_140' title='bbox 525 1648 656 1709; x_wconf 78' lang='lat' dir='ltr'><strong>consiliis</strong></span> <span class='ocrx_word' id='word_1_141' title='bbox 672 1656 826 1709; x_wconf 80' lang='lat' dir='ltr'><strong>notesoore</strong></span> <span class='ocrx_word' id='word_1_142' title='bbox 842 1647 957 1709; x_wconf 87' lang='lat' dir='ltr'><strong>volebat</strong></span> <span class='ocrx_word' id='word_1_143' title='bbox 972 1655 1001 1709; x_wconf 90' lang='lat' dir='ltr'><strong>st</strong></span> <span class='ocrx_word' id='word_1_144' title='bbox 1016 1649 1096 1709; x_wconf 89' lang='lat' dir='ltr'><strong>ultor</strong></span> <span class='ocrx_word' id='word_1_145' title='bbox 1111 1654 1228 1709; x_wconf 80' lang='lat' dir='ltr'><strong>motus-</strong></span> 
     </span>
     <span class='ocr_line' id='line_1_18' title="bbox 156 1731 1227 1812; baseline -0.003 -17"><span class='ocrx_word' id='word_1_146' title='bbox 156 1732 249 1795; x_wconf 86' lang='lat' dir='ltr'><strong>batur</strong></span> <span class='ocrx_word' id='word_1_147' title='bbox 264 1751 327 1794; x_wconf 90' lang='lat' dir='ltr'><strong>non</strong></span> <span class='ocrx_word' id='word_1_148' title='bbox 339 1733 472 1794; x_wconf 82' lang='lat' dir='ltr'><strong>occultus</strong></span> <span class='ocrx_word' id='word_1_149' title='bbox 485 1733 554 1804; x_wconf 90' lang='lat' dir='ltr'><strong>odii,</strong></span> <span class='ocrx_word' id='word_1_150' title='bbox 570 1741 614 1793; x_wconf 86' lang='lat' dir='ltr'><strong>set</strong></span> <span class='ocrx_word' id='word_1_151' title='bbox 626 1734 730 1794; x_wconf 86' lang='lat' dir='ltr'><strong>erebro</strong></span> <span class='ocrx_word' id='word_1_152' title='bbox 743 1751 872 1812; x_wconf 89' lang='lat' dir='ltr'><strong>querens</strong></span> <span class='ocrx_word' id='word_1_153' title='bbox 884 1731 1027 1793; x_wconf 82' lang='lat' dir='ltr'><strong>ineolumi</strong></span> <span class='ocrx_word' id='word_1_154' title='bbox 1038 1732 1098 1792; x_wconf 87' lang='lat' dir='ltr'><strong>lilio</strong></span> <span class='ocrx_word' id='word_1_155' title='bbox 1110 1732 1227 1792; x_wconf 91' lang='lat' dir='ltr'><strong>adiuto-</strong></span> 
     </span>
     <span class='ocr_line' id='line_1_19' title="bbox 159 1815 1227 1897; baseline -0.004 -17"><span class='ocrx_word' id='word_1_156' title='bbox 159 1835 227 1881; x_wconf 85' lang='lat' dir='ltr'><strong>rem</strong></span> <span class='ocrx_word' id='word_1_157' title='bbox 244 1817 362 1897; x_wconf 88' lang='lat' dir='ltr'><strong>imperii</strong></span> <span class='ocrx_word' id='word_1_158' title='bbox 376 1818 463 1879; x_wconf 89' lang='lat' dir='ltr'><strong>alium</strong></span> <span class='ocrx_word' id='word_1_159' title='bbox 480 1817 587 1879; x_wconf 86' lang='lat' dir='ltr'><strong>roeari.</strong></span> <span class='ocrx_word' id='word_1_160' title='bbox 610 1817 647 1878; x_wconf 87' lang='lat' dir='ltr'><strong>Et</strong></span> <span class='ocrx_word' id='word_1_161' title='bbox 663 1827 806 1897; x_wconf 88' lang='lat' dir='ltr'><strong>quantum</strong></span> <span class='ocrx_word' id='word_1_162' title='bbox 824 1835 990 1896; x_wconf 85' lang='lat' dir='ltr'><strong>superesse,</strong></span> <span class='ocrx_word' id='word_1_163' title='bbox 1006 1825 1040 1879; x_wconf 90' lang='lat' dir='ltr'><strong>ut</strong></span> <span class='ocrx_word' id='word_1_164' title='bbox 1055 1817 1165 1894; x_wconf 83' lang='lat' dir='ltr'><strong>collega</strong></span> <span class='ocrx_word' id='word_1_165' title='bbox 1179 1815 1227 1877; x_wconf 91' lang='lat' dir='ltr'><strong>di-</strong></span> 
     </span>
     <span class='ocr_line' id='line_1_20' title="bbox 159 1899 1227 1982; baseline -0.003 -17"><span class='ocrx_word' id='word_1_166' title='bbox 159 1899 269 1965; x_wconf 73' lang='lat' dir='ltr'><strong>catur?</strong></span> <span class='ocrx_word' id='word_1_167' title='bbox 283 1903 398 1964; x_wconf 91' lang='lat' dir='ltr'><strong>Primas</strong></span> <span class='ocrx_word' id='word_1_168' title='bbox 410 1903 584 1965; x_wconf 90' lang='lat' dir='ltr'><strong>dominandi</strong></span> <span class='ocrx_word' id='word_1_169' title='bbox 597 1923 666 1982; x_wconf 87' lang='lat' dir='ltr'><strong>spes</strong></span> <span class='ocrx_word' id='word_1_170' title='bbox 677 1904 708 1963; x_wconf 93' lang='lat' dir='ltr'><strong>in</strong></span> <span class='ocrx_word' id='word_1_171' title='bbox 721 1904 828 1964; x_wconf 86' lang='lat' dir='ltr'><strong>arduo:</strong></span> <span class='ocrx_word' id='word_1_172' title='bbox 841 1903 891 1963; x_wconf 90' lang='lat' dir='ltr'><strong>ubi</strong></span> <span class='ocrx_word' id='word_1_173' title='bbox 904 1902 943 1962; x_wconf 90' lang='lat' dir='ltr'><strong>sis</strong></span> <span class='ocrx_word' id='word_1_174' title='bbox 955 1902 1113 1979; x_wconf 76' lang='lat' dir='ltr'><strong>ingressus,</strong></span> <span class='ocrx_word' id='word_1_175' title='bbox 1125 1903 1227 1962; x_wconf 87' lang='lat' dir='ltr'><strong>adesse</strong></span> 
     </span>
     <span class='ocr_line' id='line_1_21' title="bbox 105 1987 1226 2069; baseline -0.002 -20"><span class='ocrx_word' id='word_1_176' title='bbox 105 2006 139 2057; x_wconf 66' lang='grc' dir='ltr'><strong>ιο</strong></span> <span class='ocrx_word' id='word_1_177' title='bbox 159 1988 258 2049; x_wconf 85' lang='lat' dir='ltr'><strong>studia</strong></span> <span class='ocrx_word' id='word_1_178' title='bbox 275 1997 305 2049; x_wconf 89' lang='lat' dir='ltr'><strong>et</strong></span> <span class='ocrx_word' id='word_1_179' title='bbox 319 1988 481 2049; x_wconf 75' lang='lat' dir='ltr'><strong>ministros</strong></span> <span class='ocrx_word' id='word_1_180' title='bbox 504 1989 660 2050; x_wconf 83' lang='lat' dir='ltr'><strong>Exstrueta</strong></span> <span class='ocrx_word' id='word_1_181' title='bbox 677 1989 732 2050; x_wconf 86' lang='lat' dir='ltr'><strong>iam</strong></span> <span class='ocrx_word' id='word_1_182' title='bbox 751 1997 856 2069; x_wconf 88' lang='lat' dir='ltr'><strong>sponte</strong></span> <span class='ocrx_word' id='word_1_183' title='bbox 868 1988 1125 2067; x_wconf 65' lang='lat' dir='ltr'><strong>praelectionum,</strong></span> <span class='ocrx_word' id='word_1_184' title='bbox 1143 1987 1226 2048; x_wconf 88' lang='lat' dir='ltr'><strong>datos</strong></span> 
     </span>
     <span class='ocr_line' id='line_1_22' title="bbox 159 2072 1225 2152; baseline -0.004 -18"><span class='ocrx_word' id='word_1_185' title='bbox 159 2074 195 2136; x_wconf 92' lang='lat' dir='ltr'><strong>in</strong></span> <span class='ocrx_word' id='word_1_186' title='bbox 224 2091 346 2134; x_wconf 90' lang='lat' dir='ltr'><strong>manum</strong></span> <span class='ocrx_word' id='word_1_187' title='bbox 376 2074 502 2147; x_wconf 80' lang='lat' dir='ltr'><strong>milites3</strong></span> <span class='ocrx_word' id='word_1_188' title='bbox 532 2074 612 2135; x_wconf 88' lang='lat' dir='ltr'><strong>oerni</strong></span> <span class='ocrx_word' id='word_1_189' title='bbox 644 2073 770 2152; x_wconf 81' lang='lat' dir='ltr'><strong>effigiem</strong></span> <span class='ocrx_word' id='word_1_190' title='bbox 798 2074 861 2134; x_wconf 88' lang='lat' dir='ltr'><strong>eius</strong></span> <span class='ocrx_word' id='word_1_191' title='bbox 889 2073 920 2132; x_wconf 92' lang='lat' dir='ltr'><strong>in</strong></span> <span class='ocrx_word' id='word_1_192' title='bbox 950 2072 1142 2133; x_wconf 88' lang='lat' dir='ltr'><strong>monimentis</strong></span> <span class='ocrx_word' id='word_1_193' title='bbox 1173 2072 1225 2132; x_wconf 88' lang='lat' dir='ltr'><strong>Cn.</strong></span> 
     </span>
     <span class='ocr_line' id='line_1_23' title="bbox 158 2157 1225 2238; baseline -0.003 -19"><span class='ocrx_word' id='word_1_194' title='bbox 158 2158 298 2238; x_wconf 78' lang='lat' dir='ltr'><strong>Pompei3</strong></span> <span class='ocrx_word' id='word_1_195' title='bbox 326 2177 501 2221; x_wconf 81' lang='lat' dir='ltr'><strong>communes</strong></span> <span class='ocrx_word' id='word_1_196' title='bbox 527 2159 569 2219; x_wconf 93' lang='lat' dir='ltr'><strong>illi</strong></span> <span class='ocrx_word' id='word_1_197' title='bbox 594 2178 663 2221; x_wconf 86' lang='lat' dir='ltr'><strong>oum</strong></span> <span class='ocrx_word' id='word_1_198' title='bbox 689 2159 799 2221; x_wconf 81' lang='lat' dir='ltr'><strong>familia</strong></span> <span class='ocrx_word' id='word_1_199' title='bbox 820 2158 982 2220; x_wconf 86' lang='lat' dir='ltr'><strong>Drusorum</strong></span> <span class='ocrx_word' id='word_1_200' title='bbox 1005 2157 1069 2219; x_wconf 86' lang='lat' dir='ltr'><strong>fore</strong></span> <span class='ocrx_word' id='word_1_201' title='bbox 1089 2165 1225 2235; x_wconf 87' lang='lat' dir='ltr'><strong>nepotes.</strong></span> 
     </span>
    </p>
   </div>
   <div class='ocr_carea' id='block_1_3' title="bbox 135 2311 1285 3949">
    <p class='ocr_par' dir='ltr' id='par_1_3' title="bbox 135 2311 1285 3949">
     <span class='ocr_line' id='line_1_24' title="bbox 158 2311 1228 2381; baseline -0.003 -17"><span class='ocrx_word' id='word_1_202' title='bbox 158 2314 265 2381; x_wconf 62' lang='lat' dir='ltr'><strong>montet</strong></span> <span class='ocrx_word' id='word_1_203' title='bbox 277 2313 326 2363; x_wconf 86' lang='lat' dir='ltr'><strong>und</strong></span> <span class='ocrx_word' id='word_1_204' title='bbox 339 2328 390 2363; x_wconf 84' lang='lat' dir='ltr'><strong>von</strong></span> <span class='ocrx_word' id='word_1_205' title='bbox 402 2314 450 2362; x_wconf 88' lang='lat' dir='ltr'><strong>den</strong></span> <span class='ocrx_word' id='word_1_206' title='bbox 460 2313 594 2376; x_wconf 84' lang='lat' dir='ltr'><strong>Piiehtern,</strong></span> <span class='ocrx_word' id='word_1_207' title='bbox 606 2314 670 2363; x_wconf 84' lang='lat' dir='ltr'><strong>wel·</strong></span> <span class='ocrx_word' id='word_1_208' title='bbox 758 2315 782 2362; x_wconf 93' lang='grc'><strong>4.</strong></span> <span class='ocrx_word' id='word_1_209' title='bbox 801 2327 911 2362; x_wconf 69' lang='lat' dir='ltr'><strong>monna.</strong></span> <span class='ocrx_word' id='word_1_210' title='bbox 935 2311 992 2374; x_wconf 74' lang='lat' dir='ltr'><strong>vgl.</strong></span> <span class='ocrx_word' id='word_1_211' title='bbox 1010 2311 1073 2362; x_wconf 87' lang='lat' dir='ltr'><strong>iiber</strong></span> <span class='ocrx_word' id='word_1_212' title='bbox 1089 2311 1131 2362; x_wconf 83' lang='lat' dir='ltr'><strong>die</strong></span> <span class='ocrx_word' id='word_1_213' title='bbox 1146 2311 1228 2362; x_wconf 83' lang='lat' dir='ltr'><strong>Saelre</strong></span> 
     </span>
     <span class='ocr_line' id='line_1_25' title="bbox 159 2380 826 2446; baseline -0.007 -12"><span class='ocrx_word' id='word_1_214' title='bbox 159 2380 670 2446; x_wconf 73' lang='lat' dir='ltr'><strong>eliasielranompognienvereioigten,</strong></span> <span class='ocrx_word' id='word_1_215' title='bbox 725 2398 757 2431; x_wconf 84' lang='lat' dir='ltr'><strong>zu</strong></span> <span class='ocrx_word' id='word_1_216' title='bbox 769 2380 786 2430; x_wconf 93' lang='lat' dir='ltr'><strong>l.</strong></span> <span class='ocrx_word' id='word_1_217' title='bbox 802 2381 826 2430; x_wconf 93' lang='grc'><strong>2.</strong></span> 
     </span>
     <span class='ocr_line' id='line_1_26' title="bbox 158 2446 1228 2514; baseline -0.004 -13"><span class='ocrx_word' id='word_1_218' title='bbox 158 2449 534 2501; x_wconf 70' lang='lat' dir='ltr'><strong>administrierttaoea&#39;etatidus</strong></span> <span class='ocrx_word' id='word_1_219' title='bbox 545 2465 581 2514; x_wconf 78' lang='lat' dir='ltr'><strong>eq.</strong></span> <span class='ocrx_word' id='word_1_220' title='bbox 596 2448 670 2499; x_wconf 82' lang='lat' dir='ltr'><strong>Rom.</strong></span> <span class='ocrx_word' id='word_1_221' title='bbox 759 2450 783 2498; x_wconf 83' lang='lat'><strong>9.</strong></span> <span class='ocrx_word' id='word_1_222' title='bbox 802 2463 868 2514; x_wconf 84' lang='lat' dir='ltr'><strong>corp.</strong></span> <span class='ocrx_word' id='word_1_223' title='bbox 885 2449 959 2509; x_wconf 76' lang='lat' dir='ltr'><strong>verb,</strong></span> <span class='ocrx_word' id='word_1_224' title='bbox 980 2446 1086 2514; x_wconf 83' lang='lat' dir='ltr'><strong>udempt.</strong></span> <span class='ocrx_word' id='word_1_225' title='bbox 1106 2447 1161 2500; x_wconf 83' lang='lat' dir='ltr'><strong>don.</strong></span> <span class='ocrx_word' id='word_1_226' title='bbox 1182 2447 1228 2497; x_wconf 88' lang='lat' dir='ltr'><strong>der</strong></span> 
     </span>
     <span class='ocr_line' id='line_1_27' title="bbox 157 2515 1229 2584; baseline -0.001 -18"><span class='ocrx_word' id='word_1_227' title='bbox 157 2518 335 2584; x_wconf 74' lang='lat' dir='ltr'><strong>agitabantm.</strong></span> <span class='ocrx_word' id='word_1_228' title='bbox 724 2516 917 2578; x_wconf 82' lang='lat' dir='ltr'><strong>Provincialan3</strong></span> <span class='ocrx_word' id='word_1_229' title='bbox 941 2517 1053 2579; x_wconf 84' lang='lat' dir='ltr'><strong>oberant,</strong></span> <span class='ocrx_word' id='word_1_230' title='bbox 1079 2515 1102 2564; x_wconf 83' lang='lat' dir='ltr'><strong>d.</strong></span> <span class='ocrx_word' id='word_1_231' title='bbox 1117 2517 1140 2565; x_wconf 88' lang='lat' dir='ltr'><strong>b.</strong></span> <span class='ocrx_word' id='word_1_232' title='bbox 1165 2516 1229 2565; x_wconf 88' lang='lat' dir='ltr'><strong>ohne</strong></span> 
     </span>
     <span class='ocr_line' id='line_1_28' title="bbox 196 2582 1023 2648; baseline -0.008 -9"><span class='ocrx_word' id='word_1_233' title='bbox 196 2588 220 2639; x_wconf 86' lang='lat' dir='ltr'><strong>l.</strong></span> <span class='ocrx_word' id='word_1_234' title='bbox 238 2585 288 2636; x_wconf 80' lang='lat' dir='ltr'><strong>lieo</strong></span> <span class='ocrx_word' id='word_1_235' title='bbox 305 2600 374 2647; x_wconf 77' lang='lat' dir='ltr'><strong>mas,</strong></span> <span class='ocrx_word' id='word_1_236' title='bbox 394 2586 439 2634; x_wconf 88' lang='lat' dir='ltr'><strong>das</strong></span> <span class='ocrx_word' id='word_1_237' title='bbox 451 2582 667 2648; x_wconf 70' lang='lat' dir='ltr'><strong>lironvormiigem</strong></span> <span class='ocrx_word' id='word_1_238' title='bbox 724 2584 905 2635; x_wconf 86' lang='lat' dir='ltr'><strong>riebterliehen</strong></span> <span class='ocrx_word' id='word_1_239' title='bbox 918 2583 1023 2648; x_wconf 87' lang='lat' dir='ltr'><strong>Sprueh.</strong></span> 
     </span>
     <span class='ocr_line' id='line_1_29' title="bbox 158 2645 1228 2725; baseline -0.005 -20"><span class='ocrx_word' id='word_1_240' title='bbox 158 2650 295 2705; x_wconf 81' lang='lat' dir='ltr'><strong>dieGirter</strong></span> <span class='ocrx_word' id='word_1_241' title='bbox 310 2652 668 2703; x_wconf 83' lang='lat' dir='ltr'><strong>undEinliinltadesFisaus.</strong></span> <span class='ocrx_word' id='word_1_242' title='bbox 758 2645 788 2704; x_wconf 74' lang='grc' dir='ltr'><strong>Ἰ.</strong></span> <span class='ocrx_word' id='word_1_243' title='bbox 817 2653 856 2702; x_wconf 84' lang='grc'><strong>10.</strong></span> <span class='ocrx_word' id='word_1_244' title='bbox 879 2651 1000 2714; x_wconf 77' lang='lat' dir='ltr'><strong>arrodaalu,</strong></span> <span class='ocrx_word' id='word_1_245' title='bbox 1026 2651 1052 2700; x_wconf 88' lang='lat' dir='ltr'><strong>in</strong></span> <span class='ocrx_word' id='word_1_246' title='bbox 1077 2653 1157 2701; x_wconf 88' lang='lat' dir='ltr'><strong>ihrern</strong></span> <span class='ocrx_word' id='word_1_247' title='bbox 1181 2651 1228 2725; x_wconf 74' lang='lat' dir='ltr'><strong>Be·</strong></span> 
     </span>
     <span class='ocr_line' id='line_1_30' title="bbox 158 2719 821 2784; baseline -0.005 -11"><span class='ocrx_word' id='word_1_248' title='bbox 158 2722 212 2773; x_wconf 74' lang='lat' dir='ltr'><strong>uer</strong></span> <span class='ocrx_word' id='word_1_249' title='bbox 224 2719 319 2772; x_wconf 80' lang='lat' dir='ltr'><strong>linisar</strong></span> <span class='ocrx_word' id='word_1_250' title='bbox 333 2723 404 2771; x_wconf 84' lang='lat' dir='ltr'><strong>hatte</strong></span> <span class='ocrx_word' id='word_1_251' title='bbox 417 2736 447 2770; x_wconf 84' lang='lat' dir='ltr'><strong>zu</strong></span> <span class='ocrx_word' id='word_1_252' title='bbox 460 2721 537 2772; x_wconf 84' lang='lat' dir='ltr'><strong>deren</strong></span> <span class='ocrx_word' id='word_1_253' title='bbox 550 2721 668 2773; x_wconf 87' lang='lat' dir='ltr'><strong>Verwal·</strong></span> <span class='ocrx_word' id='word_1_254' title='bbox 722 2729 821 2784; x_wconf 80' lang='lat' dir='ltr'><strong>tragon.</strong></span> 
     </span>
     <span class='ocr_line' id='line_1_31' title="bbox 158 2784 1225 2854; baseline -0.005 -13"><span class='ocrx_word' id='word_1_255' title='bbox 158 2798 225 2853; x_wconf 76' lang='lat' dir='ltr'><strong>tang</strong></span> <span class='ocrx_word' id='word_1_256' title='bbox 247 2791 297 2839; x_wconf 85' lang='lat' dir='ltr'><strong>und</strong></span> <span class='ocrx_word' id='word_1_257' title='bbox 320 2789 530 2854; x_wconf 84' lang='lat' dir='ltr'><strong>Wabrnebmung</strong></span> <span class='ocrx_word' id='word_1_258' title='bbox 552 2790 579 2838; x_wconf 89' lang='lat' dir='ltr'><strong>in</strong></span> <span class='ocrx_word' id='word_1_259' title='bbox 601 2789 667 2838; x_wconf 86' lang='lat' dir='ltr'><strong>allen</strong></span> <span class='ocrx_word' id='word_1_260' title='bbox 755 2792 827 2839; x_wconf 79' lang='lat' dir='ltr'><strong>intra</strong></span> <span class='ocrx_word' id='word_1_261' title='bbox 839 2786 1002 2839; x_wconf 82' lang='lat' dir='ltr'><strong>‘besehriinkt</strong></span> <span class='ocrx_word' id='word_1_262' title='bbox 1014 2784 1073 2837; x_wconf 81' lang='lat' dir='ltr'><strong>auf&#39;.</strong></span> <span class='ocrx_word' id='word_1_263' title='bbox 1092 2786 1188 2836; x_wconf 81' lang='lat' dir='ltr'><strong>Plinh.</strong></span> <span class='ocrx_word' id='word_1_264' title='bbox 1201 2803 1225 2836; x_wconf 90' lang='lat' dir='ltr'><strong>n.</strong></span> 
     </span>
     <span class='ocr_line' id='line_1_32' title="bbox 158 2855 1225 2922; baseline -0.004 -13"><span class='ocrx_word' id='word_1_265' title='bbox 158 2857 303 2909; x_wconf 80' lang='lat' dir='ltr'><strong>Provlnzon</strong></span> <span class='ocrx_word' id='word_1_266' title='bbox 315 2856 511 2921; x_wconf 70' lang='lat' dir='ltr'><strong>Procri-atoma,</strong></span> <span class='ocrx_word' id='word_1_267' title='bbox 529 2857 628 2908; x_wconf 86' lang='lat' dir='ltr'><strong>welebe</strong></span> <span class='ocrx_word' id='word_1_268' title='bbox 640 2858 668 2907; x_wconf 90' lang='lat' dir='ltr'><strong>in</strong></span> <span class='ocrx_word' id='word_1_269' title='bbox 722 2855 821 2907; x_wconf 82' lang='lat' dir='ltr'><strong>XXXI.</strong></span> <span class='ocrx_word' id='word_1_270' title='bbox 839 2858 862 2920; x_wconf 79' lang='lat'><strong>7,</strong></span> <span class='ocrx_word' id='word_1_271' title='bbox 883 2857 916 2907; x_wconf 88' lang='lat'><strong>80</strong></span> <span class='ocrx_word' id='word_1_272' title='bbox 937 2855 997 2919; x_wconf 72' lang='lat' dir='ltr'><strong>(sal)</strong></span> <span class='ocrx_word' id='word_1_273' title='bbox 1017 2859 1104 2922; x_wconf 80' lang='lat' dir='ltr'><strong>sponte</strong></span> <span class='ocrx_word' id='word_1_274' title='bbox 1119 2870 1225 2905; x_wconf 81' lang='lat' dir='ltr'><strong>nnseena</strong></span> 
     </span>
     <span class='ocr_line' id='line_1_33' title="bbox 157 2922 1227 2990; baseline -0.004 -13"><span class='ocrx_word' id='word_1_275' title='bbox 157 2927 209 2977; x_wconf 80' lang='lat' dir='ltr'><strong>tlon</strong></span> <span class='ocrx_word' id='word_1_276' title='bbox 238 2926 470 2990; x_wconf 78' lang='lat' dir='ltr'><strong>Senatsproviazen</strong></span> <span class='ocrx_word' id='word_1_277' title='bbox 498 2925 568 2976; x_wconf 87' lang='lat' dir='ltr'><strong>bloss</strong></span> <span class='ocrx_word' id='word_1_278' title='bbox 596 2925 668 2976; x_wconf 76' lang='lat' dir='ltr'><strong>disse</strong></span> <span class='ocrx_word' id='word_1_279' title='bbox 721 2925 922 2976; x_wconf 71' lang='lat' dir='ltr'><strong>mirabaaoest.</strong></span> <span class='ocrx_word' id='word_1_280' title='bbox 942 2922 1227 2989; x_wconf 59' lang='lat' dir='ltr'><strong>Acri-disceptaret</strong></span> 
     </span>
     <span class='ocr_line' id='line_1_34' title="bbox 135 2990 1226 3056; baseline -0.005 -9"><span class='ocrx_word' id='word_1_281' title='bbox 135 3042 138 3047; x_wconf 92' lang='lat'><em>.</em></span> <span class='ocrx_word' id='word_1_282' title='bbox 155 2993 249 3056; x_wconf 68' lang='lat' dir='ltr'><strong>Ilisso,</strong></span> <span class='ocrx_word' id='word_1_283' title='bbox 267 3009 317 3043; x_wconf 87' lang='lat' dir='ltr'><strong>rou</strong></span> <span class='ocrx_word' id='word_1_284' title='bbox 335 2995 382 3043; x_wconf 88' lang='lat' dir='ltr'><strong>den</strong></span> <span class='ocrx_word' id='word_1_285' title='bbox 396 2993 567 3044; x_wconf 82' lang='lat' dir='ltr'><strong>laiserlielren</strong></span> <span class='ocrx_word' id='word_1_286' title='bbox 581 2995 608 3044; x_wconf 89' lang='lat' dir='ltr'><strong>in</strong></span> <span class='ocrx_word' id='word_1_287' title='bbox 620 2995 668 3044; x_wconf 85' lang='lat' dir='ltr'><strong>dan</strong></span> <span class='ocrx_word' id='word_1_288' title='bbox 722 2992 881 3056; x_wconf 82' lang='lat' dir='ltr'><strong>iiberllinge,</strong></span> <span class='ocrx_word' id='word_1_289' title='bbox 895 2993 938 3042; x_wconf 90' lang='lat' dir='ltr'><strong>die</strong></span> <span class='ocrx_word' id='word_1_290' title='bbox 950 2990 1092 3042; x_wconf 85' lang='lat' dir='ltr'><strong>denFisens</strong></span> <span class='ocrx_word' id='word_1_291' title='bbox 1103 2990 1226 3042; x_wconf 87' lang='lat' dir='ltr'><strong>batralen.</strong></span> 
     </span>
     <span class='ocr_line' id='line_1_35' title="bbox 158 3059 1225 3129; baseline -0.006 -16"><span class='ocrx_word' id='word_1_292' title='bbox 158 3061 384 3129; x_wconf 74' lang='lat' dir='ltr'><strong>propritorisehen</strong></span> <span class='ocrx_word' id='word_1_293' title='bbox 405 3063 446 3112; x_wconf 89' lang='lat' dir='ltr'><strong>dia</strong></span> <span class='ocrx_word' id='word_1_294' title='bbox 466 3070 604 3124; x_wconf 81' lang='lat' dir='ltr'><strong>gesomnte</strong></span> <span class='ocrx_word' id='word_1_295' title='bbox 624 3061 668 3112; x_wconf 84' lang='lat' dir='ltr'><strong>Fi·</strong></span> <span class='ocrx_word' id='word_1_296' title='bbox 758 3061 797 3113; x_wconf 82' lang='lat'><strong>13.</strong></span> <span class='ocrx_word' id='word_1_297' title='bbox 815 3075 864 3110; x_wconf 81' lang='lat' dir='ltr'><strong>non</strong></span> <span class='ocrx_word' id='word_1_298' title='bbox 882 3059 980 3125; x_wconf 78' lang='lat' dir='ltr'><strong>quidem</strong></span> <span class='ocrx_word' id='word_1_299' title='bbox 997 3062 1064 3110; x_wconf 81' lang='lat' dir='ltr'><strong>nomi</strong></span> <span class='ocrx_word' id='word_1_300' title='bbox 1080 3062 1128 3110; x_wconf 81' lang='lat' dir='ltr'><strong>oio.</strong></span> <span class='ocrx_word' id='word_1_301' title='bbox 1155 3059 1172 3109; x_wconf 92' lang='lat' dir='ltr'><strong>l.</strong></span> <span class='ocrx_word' id='word_1_302' title='bbox 1193 3061 1225 3108; x_wconf 79' lang='lat'><strong>75</strong></span> 
     </span>
     <span class='ocr_line' id='line_1_36' title="bbox 158 3128 1225 3196; baseline -0.003 -15"><span class='ocrx_word' id='word_1_303' title='bbox 158 3130 667 3192; x_wconf 85' lang='lat' dir='ltr'><strong>nanzverwaltungundindenkleiaern</strong></span> <span class='ocrx_word' id='word_1_304' title='bbox 722 3128 839 3196; x_wconf 70' lang='lat' dir='ltr'><strong>cupidine</strong></span> <span class='ocrx_word' id='word_1_305' title='bbox 869 3131 1013 3180; x_wconf 74' lang='lat' dir='ltr'><strong>seueritatis</strong></span> <span class='ocrx_word' id='word_1_306' title='bbox 1036 3130 1064 3178; x_wconf 81' lang='lat' dir='ltr'><strong>in</strong></span> <span class='ocrx_word' id='word_1_307' title='bbox 1086 3130 1120 3178; x_wconf 78' lang='lat' dir='ltr'><strong>iia</strong></span> <span class='ocrx_word' id='word_1_308' title='bbox 1141 3132 1225 3193; x_wconf 72' lang='lat' dir='ltr'><strong>urban,</strong></span> 
     </span>
     <span class='ocr_line' id='line_1_37' title="bbox 157 3197 1085 3263; baseline -0.004 -13"><span class='ocrx_word' id='word_1_309' title='bbox 157 3198 212 3250; x_wconf 79' lang='lat' dir='ltr'><strong>alla</strong></span> <span class='ocrx_word' id='word_1_310' title='bbox 225 3198 401 3259; x_wconf 77' lang='lat' dir='ltr'><strong>Verwaltung,</strong></span> <span class='ocrx_word' id='word_1_311' title='bbox 418 3198 459 3247; x_wconf 86' lang='lat' dir='ltr'><strong>die</strong></span> <span class='ocrx_word' id='word_1_312' title='bbox 471 3199 529 3248; x_wconf 92' lang='lat' dir='ltr'><strong>dort</strong></span> <span class='ocrx_word' id='word_1_313' title='bbox 542 3199 612 3249; x_wconf 87' lang='lat' dir='ltr'><strong>bloss</strong></span> <span class='ocrx_word' id='word_1_314' title='bbox 624 3199 668 3248; x_wconf 90' lang='lat' dir='ltr'><strong>Ci·</strong></span> <span class='ocrx_word' id='word_1_315' title='bbox 721 3200 843 3263; x_wconf 77' lang='lat' dir='ltr'><strong>quaerite</strong></span> <span class='ocrx_word' id='word_1_316' title='bbox 853 3198 960 3262; x_wconf 76' lang='lat' dir='ltr'><strong>facerat,</strong></span> <span class='ocrx_word' id='word_1_317' title='bbox 972 3197 1085 3247; x_wconf 78' lang='lat' dir='ltr'><strong>aoerdm.</strong></span> 
     </span>
     <span class='ocr_line' id='line_1_38' title="bbox 157 3264 1226 3330; baseline -0.005 -13"><span class='ocrx_word' id='word_1_318' title='bbox 157 3266 364 3330; x_wconf 83' lang='lat' dir='ltr'><strong>vilvorwaltung</strong></span> <span class='ocrx_word' id='word_1_319' title='bbox 375 3281 437 3329; x_wconf 88' lang='lat' dir='ltr'><strong>war,</strong></span> <span class='ocrx_word' id='word_1_320' title='bbox 449 3267 545 3318; x_wconf 87' lang='lat' dir='ltr'><strong>hatten.</strong></span> <span class='ocrx_word' id='word_1_321' title='bbox 564 3267 623 3330; x_wconf 86' lang='lat' dir='ltr'><strong>Vgl.</strong></span> <span class='ocrx_word' id='word_1_322' title='bbox 635 3283 667 3316; x_wconf 87' lang='lat' dir='ltr'><strong>zu</strong></span> <span class='ocrx_word' id='word_1_323' title='bbox 757 3265 796 3316; x_wconf 90' lang='grc'><strong>18.</strong></span> <span class='ocrx_word' id='word_1_324' title='bbox 814 3269 901 3316; x_wconf 81' lang='lat' dir='ltr'><strong>vorari</strong></span> <span class='ocrx_word' id='word_1_325' title='bbox 920 3265 1059 3328; x_wconf 81' lang='lat' dir='ltr'><strong>‘genannt’‚</strong></span> <span class='ocrx_word' id='word_1_326' title='bbox 1083 3265 1153 3315; x_wconf 88' lang='lat' dir='ltr'><strong>uiebt</strong></span> <span class='ocrx_word' id='word_1_327' title='bbox 1173 3264 1226 3313; x_wconf 88' lang='lat' dir='ltr'><strong>‘be-</strong></span> 
     </span>
     <span class='ocr_line' id='line_1_39' title="bbox 157 3332 1223 3397; baseline -0.005 -11"><span class='ocrx_word' id='word_1_328' title='bbox 157 3334 177 3386; x_wconf 93' lang='lat' dir='ltr'><strong>l.</strong></span> <span class='ocrx_word' id='word_1_329' title='bbox 191 3334 233 3385; x_wconf 65' lang='lat' dir='ltr'><strong>ll</strong></span> <span class='ocrx_word' id='word_1_330' title='bbox 247 3332 289 3384; x_wconf 83' lang='lat' dir='ltr'><strong>lv.</strong></span> <span class='ocrx_word' id='word_1_331' title='bbox 305 3337 343 3386; x_wconf 82' lang='lat'><strong>15.</strong></span> <span class='ocrx_word' id='word_1_332' title='bbox 721 3332 794 3384; x_wconf 87' lang='lat' dir='ltr'><strong>rulen</strong></span> <span class='ocrx_word' id='word_1_333' title='bbox 814 3334 917 3397; x_wconf 63' lang='lat' dir='ltr'><strong>werde,</strong></span> <span class='ocrx_word' id='word_1_334' title='bbox 934 3335 982 3384; x_wconf 85' lang='lat' dir='ltr'><strong>wie</strong></span> <span class='ocrx_word' id='word_1_335' title='bbox 994 3335 1039 3384; x_wconf 85' lang='lat' dir='ltr'><strong>das</strong></span> <span class='ocrx_word' id='word_1_336' title='bbox 1051 3332 1122 3397; x_wconf 81' lang='lat' dir='ltr'><strong>Folg.</strong></span> <span class='ocrx_word' id='word_1_337' title='bbox 1139 3333 1189 3382; x_wconf 90' lang='lat' dir='ltr'><strong>und</strong></span> <span class='ocrx_word' id='word_1_338' title='bbox 1201 3348 1223 3382; x_wconf 86' lang='lat' dir='ltr'><strong>o.</strong></span> 
     </span>
     <span class='ocr_line' id='line_1_40' title="bbox 195 3402 826 3468; baseline 0 -15"><span class='ocrx_word' id='word_1_339' title='bbox 195 3403 220 3453; x_wconf 85' lang='lat'><strong>3.</strong></span> <span class='ocrx_word' id='word_1_340' title='bbox 237 3403 604 3468; x_wconf 66' lang='lat' dir='ltr'><strong>ematque-insenuerant,</strong></span> <span class='ocrx_word' id='word_1_341' title='bbox 617 3403 667 3453; x_wconf 81' lang='lat' dir='ltr'><strong>wis</strong></span> <span class='ocrx_word' id='word_1_342' title='bbox 722 3402 826 3465; x_wconf 57' lang='lat' dir='ltr'><strong>izeigt.</strong></span> 
     </span>
     <span class='ocr_line' id='line_1_41' title="bbox 159 3467 1227 3537; baseline -0.004 -17"><span class='ocrx_word' id='word_1_343' title='bbox 159 3470 202 3522; x_wconf 80' lang='lat' dir='ltr'><strong>die</strong></span> <span class='ocrx_word' id='word_1_344' title='bbox 218 3469 299 3535; x_wconf 81' lang='lat' dir='ltr'><strong>legati</strong></span> <span class='ocrx_word' id='word_1_345' title='bbox 311 3485 361 3537; x_wconf 84' lang='lat' dir='ltr'><strong>pro</strong></span> <span class='ocrx_word' id='word_1_346' title='bbox 374 3474 495 3536; x_wconf 81' lang='lat' dir='ltr'><strong>praetore</strong></span> <span class='ocrx_word' id='word_1_347' title='bbox 507 3468 534 3533; x_wconf 80' lang='lat' dir='ltr'><strong>(l.</strong></span> <span class='ocrx_word' id='word_1_348' title='bbox 548 3471 600 3533; x_wconf 72' lang='lat'><strong>80),</strong></span> <span class='ocrx_word' id='word_1_349' title='bbox 617 3486 667 3520; x_wconf 90' lang='lat' dir='ltr'><strong>von</strong></span> <span class='ocrx_word' id='word_1_350' title='bbox 759 3471 797 3520; x_wconf 81' lang='lat' dir='ltr'><strong>ill.</strong></span> <span class='ocrx_word' id='word_1_351' title='bbox 810 3467 1227 3534; x_wconf 70' lang='lat' dir='ltr'><strong>ingressuamiimliolrdominaudi</strong></span> 
     </span>
     <span class='ocr_line' id='line_1_42' title="bbox 159 3535 1225 3605; baseline -0.007 -14"><span class='ocrx_word' id='word_1_352' title='bbox 159 3538 241 3591; x_wconf 75' lang='lat' dir='ltr'><strong>danea</strong></span> <span class='ocrx_word' id='word_1_353' title='bbox 252 3538 463 3590; x_wconf 80' lang='lat' dir='ltr'><strong>hierniolitdie</strong></span> <span class='ocrx_word' id='word_1_354' title='bbox 475 3537 544 3588; x_wconf 75' lang='lat' dir='ltr'><strong>liade</strong></span> <span class='ocrx_word' id='word_1_355' title='bbox 556 3539 598 3589; x_wconf 91' lang='lat' dir='ltr'><strong>ist.</strong></span> <span class='ocrx_word' id='word_1_356' title='bbox 624 3538 666 3588; x_wconf 82' lang='lat' dir='ltr'><strong>llis</strong></span> <span class='ocrx_word' id='word_1_357' title='bbox 721 3554 784 3605; x_wconf 82' lang='lat' dir='ltr'><strong>apsa.</strong></span> <span class='ocrx_word' id='word_1_358' title='bbox 803 3535 1225 3600; x_wconf 77' lang='lat' dir='ltr'><strong>Cie.adlam.Xll.25‚2baapem</strong></span> 
     </span>
     <span class='ocr_line' id='line_1_43' title="bbox 157 3605 1068 3670; baseline -0.003 -13"><span class='ocrx_word' id='word_1_359' title='bbox 157 3606 264 3657; x_wconf 66' lang='lat' dir='ltr'><strong>hirriat</strong></span> <span class='ocrx_word' id='word_1_360' title='bbox 279 3607 315 3657; x_wconf 89' lang='lat' dir='ltr'><strong>ist</strong></span> <span class='ocrx_word' id='word_1_361' title='bbox 331 3621 381 3657; x_wconf 79' lang='lat' dir='ltr'><strong>ron</strong></span> <span class='ocrx_word' id='word_1_362' title='bbox 399 3607 445 3656; x_wconf 89' lang='lat' dir='ltr'><strong>der</strong></span> <span class='ocrx_word' id='word_1_363' title='bbox 457 3605 600 3670; x_wconf 79' lang='lat' dir='ltr'><strong>llegiernng</strong></span> <span class='ocrx_word' id='word_1_364' title='bbox 617 3607 668 3656; x_wconf 86' lang='lat' dir='ltr'><strong>und</strong></span> <span class='ocrx_word' id='word_1_365' title='bbox 721 3607 845 3657; x_wconf 77' lang='lat' dir='ltr'><strong>libertatis</strong></span> <span class='ocrx_word' id='word_1_366' title='bbox 855 3609 991 3670; x_wconf 76' lang='lat' dir='ltr'><strong>ingressus</strong></span> <span class='ocrx_word' id='word_1_367' title='bbox 1002 3620 1068 3654; x_wconf 80' lang='lat' dir='ltr'><strong>aum.</strong></span> 
     </span>
     <span class='ocr_line' id='line_1_44' title="bbox 159 3670 1224 3741; baseline -0.004 -15"><span class='ocrx_word' id='word_1_368' title='bbox 159 3674 506 3741; x_wconf 77' lang='lat' dir='ltr'><strong>Verwaltonggasprooben;</strong></span> <span class='ocrx_word' id='word_1_369' title='bbox 520 3674 667 3738; x_wconf 77' lang='lat' dir='ltr'><strong>iinFolgan·</strong></span> <span class='ocrx_word' id='word_1_370' title='bbox 755 3673 796 3724; x_wconf 90' lang='grc'><strong>20.</strong></span> <span class='ocrx_word' id='word_1_371' title='bbox 816 3673 961 3724; x_wconf 71' lang='lat' dir='ltr'><strong>Exstrueta</strong></span> <span class='ocrx_word' id='word_1_372' title='bbox 983 3700 1016 3709; x_wconf 91' lang='lat'>—</span> <span class='ocrx_word' id='word_1_373' title='bbox 1042 3671 1084 3722; x_wconf 79' lang='lat' dir='ltr'><strong>Cn.</strong></span> <span class='ocrx_word' id='word_1_374' title='bbox 1108 3670 1224 3738; x_wconf 79' lang='lat' dir='ltr'><strong>Pompei.</strong></span> 
     </span>
     <span class='ocr_line' id='line_1_45' title="bbox 159 3739 1225 3806; baseline -0.005 -12"><span class='ocrx_word' id='word_1_375' title='bbox 159 3744 209 3794; x_wconf 81' lang='lat' dir='ltr'><strong>den</strong></span> <span class='ocrx_word' id='word_1_376' title='bbox 225 3742 291 3793; x_wconf 85' lang='lat' dir='ltr'><strong>wird</strong></span> <span class='ocrx_word' id='word_1_377' title='bbox 308 3743 415 3805; x_wconf 69' lang='lat' dir='ltr'><strong>gozaigt</strong></span> <span class='ocrx_word' id='word_1_378' title='bbox 433 3743 484 3792; x_wconf 84' lang='lat' dir='ltr'><strong>wie</strong></span> <span class='ocrx_word' id='word_1_379' title='bbox 495 3742 549 3792; x_wconf 79' lang='lat' dir='ltr'><strong>sicli</strong></span> <span class='ocrx_word' id='word_1_380' title='bbox 561 3743 603 3793; x_wconf 86' lang='lat' dir='ltr'><strong>die</strong></span> <span class='ocrx_word' id='word_1_381' title='bbox 615 3744 667 3793; x_wconf 79' lang='lat' dir='ltr'><strong>An·</strong></span> <span class='ocrx_word' id='word_1_382' title='bbox 721 3741 746 3792; x_wconf 88' lang='lat' dir='ltr'><strong>S.</strong></span> <span class='ocrx_word' id='word_1_383' title='bbox 766 3759 787 3793; x_wconf 88' lang='lat' dir='ltr'><strong>e.</strong></span> <span class='ocrx_word' id='word_1_384' title='bbox 807 3742 829 3791; x_wconf 86' lang='lat'><strong>2.</strong></span> <span class='ocrx_word' id='word_1_385' title='bbox 852 3740 891 3791; x_wconf 87' lang='lat' dir='ltr'><strong>lll.</strong></span> <span class='ocrx_word' id='word_1_386' title='bbox 912 3742 951 3791; x_wconf 79' lang='grc'><strong>72.</strong></span> <span class='ocrx_word' id='word_1_387' title='bbox 982 3739 1066 3793; x_wconf 83' lang='lat' dir='ltr'><strong>Uaber</strong></span> <span class='ocrx_word' id='word_1_388' title='bbox 1085 3743 1173 3806; x_wconf 64' lang='lat' dir='ltr'><strong>monto</strong></span> <span class='ocrx_word' id='word_1_389' title='bbox 1193 3755 1225 3789; x_wconf 80' lang='lat' dir='ltr'><strong>au</strong></span> 
     </span>
     <span class='ocr_line' id='line_1_46' title="bbox 159 3808 803 3876; baseline -0.005 -14"><span class='ocrx_word' id='word_1_390' title='bbox 159 3811 295 3876; x_wconf 80' lang='lat' dir='ltr'><strong>gsbdrigsn</strong></span> <span class='ocrx_word' id='word_1_391' title='bbox 312 3812 359 3863; x_wconf 83' lang='lat' dir='ltr'><strong>dos</strong></span> <span class='ocrx_word' id='word_1_392' title='bbox 372 3810 463 3861; x_wconf 84' lang='lat' dir='ltr'><strong>Reiehs</strong></span> <span class='ocrx_word' id='word_1_393' title='bbox 480 3810 521 3861; x_wconf 82' lang='lat' dir='ltr'><strong>bei</strong></span> <span class='ocrx_word' id='word_1_394' title='bbox 533 3811 665 3861; x_wconf 75' lang='lat' dir='ltr'><strong>desselben</strong></span> <span class='ocrx_word' id='word_1_395' title='bbox 721 3808 749 3860; x_wconf 93' lang='lat' dir='ltr'><strong>ll.</strong></span> <span class='ocrx_word' id='word_1_396' title='bbox 763 3811 803 3859; x_wconf 80' lang='lat'><strong>59.</strong></span> 
     </span>
     <span class='ocr_line' id='line_1_47' title="bbox 158 3872 1285 3949; baseline -0.006 -18"><span class='ocrx_word' id='word_1_397' title='bbox 158 3877 291 3931; x_wconf 70' lang='lat' dir='ltr'><strong>baladan.</strong></span> <span class='ocrx_word' id='word_1_398' title='bbox 755 3878 796 3928; x_wconf 91' lang='grc'><strong>22.</strong></span> <span class='ocrx_word' id='word_1_399' title='bbox 822 3891 969 3927; x_wconf 73' lang='lat' dir='ltr'><strong>compauper</strong></span> <span class='ocrx_word' id='word_1_400' title='bbox 992 3904 1021 3913; x_wconf 92' lang='lat'>-</span> <span class='ocrx_word' id='word_1_401' title='bbox 1048 3879 1156 3943; x_wconf 72' lang='lat' dir='ltr'><strong>nepotes.</strong></span> <span class='ocrx_word' id='word_1_402' title='bbox 1184 3872 1225 3925; x_wconf 90' lang='lat' dir='ltr'><strong>lll.</strong></span> <span class='ocrx_word' id='word_1_403' title='bbox 1275 3930 1285 3949; x_wconf 56' lang='lat'><strong>„</strong></span> 
     </span>
    </p>
   </div>
   <div class='ocr_carea' id='block_1_4' title="bbox 0 0 1328 4404">
    <p class='ocr_par' dir='ltr' id='par_1_4' title="bbox 0 0 1328 4404">
     <span class='ocr_line' id='line_1_48' title="bbox 0 0 1328 4404; baseline 0 0"><span class='ocrx_word' id='word_1_404' title='bbox 0 0 1328 4404; x_wconf 95' lang='lat' dir='ltr'><strong> </strong></span> 
     </span>
    </p>
   </div>
  </div>
 </body>
</html>
