2646 4404
507 167 649 221 CORNELI
665 167 774 221 TACIl'l
1082 184 1177 225 (earet

116 175 178 235 354

115 347 172 408 qua
183 327 279 387 letum
291 324 378 397 oriri,
390 332 418 384 et
429 325 555 409 primam
567 323 667 393 adulto
679 341 781 403 curam
792 322 1080 405 sepeliendipatris,
1090 339 1180 403 neque

115 413 144 473 id
155 421 279 480 temere,
298 411 349 489 sed
366 411 480 470 sublato
497 427 616 470 murrae
631 407 762 487 pondere
772 415 982 491 temptatoque
992 408 1181 489 perlongum

116 498 181 568 iter,
196 495 249 559 ubi
262 514 316 574 par
331 495 429 566 oneri,
444 514 497 575 par
512 493 623 571 meatui
638 493 691 564 sit,
707 493 806 561 subire
821 492 954 573 patrium
970 512 1081 575 corpus
1095 493 1182 573 inque

115 583 189 644 Solis
211 600 291 643 mam
314 581 447 660 perferre
470 588 560 659 atque
582 579 707 651 adolere.
751 578 831 657 Haeq
851 579 968 653 incerta
990 589 1030 659 et
1045 578 1181 651 fabulosis

116 678 215 729 aucta:
231 675 363 731 ceterum
378 665 469 745 aspici
488 664 645 747 aliquando
661 663 836 749 indegypto
859 683 932 745 capt
949 665 1106 745 uolucrem
1124 681 1183 725 non
1212 678 1224 726 5

115 752 194 815 ambi
215 751 283 812 itur.

56 841 98 895 2⁹
195 771 235 899 ffdt
250 836 361 909 Romae
384 834 472 895 caede
495 833 635 903 continua
653 832 960 919 Pomponiushabeo,
983 854 1078 916 quem
1101 852 1181 915 pade-

113 923 204 985 luisse
224 921 350 989 Moesiae
372 919 486 991 rettuli,
514 936 568 1000 per
589 918 728 999 abruptas
752 937 847 991 venas,
863 921 1051 1011 sanguinem
1068 920 1183 992 effudit,

114 1007 320 1086 aemulataque
330 1014 375 1085 est
387 1005 515 1066 coniunx
528 1004 648 1071 Panaca.
672 1003 746 1074 Nam
759 1014 914 1087 promptas
928 1005 994 1081 eins
1007 1006 1184 1085 modimor·

116 1103 158 1154 tes
171 1100 268 1159 metus
281 1090 425 1152 carnificis
437 1088 572 1162 faciebat,
587 1097 621 1155 et,
627 1089 696 1169 quia
709 1090 847 1153 damnati.
853 1089 1010 1169 publicatis
1027 1090 1120 1167 bonis
1139 1111 1185 1157 se·
1202 1103 1224 1155 tt

113 1178 230 1257 pultura
241 1176 483 1255 prohibebantur,
500 1193 613 1244 eorum,
630 1175 681 1253 qui
696 1175 732 1234 de
744 1193 775 1234 se
785 1175 965 1248 statuebant,
980 1175 1184 1237 humabantur

114 1281 251 1341 corpora,
274 1259 435 1321 manebant
449 1268 637 1330 testamenta,
651 1259 780 1338 pretium
795 1259 967 1323 festinandi.
1004 1261 1066 1322 Sed
1079 1261 1184 1331 Caesar

42 1418 46 1426 Ι
113 1347 213 1409 missis
225 1347 261 1407 ad
273 1354 409 1407 senatum
421 1345 526 1406 litteris
539 1344 678 1417 disseruit
690 1363 804 1405 morem
816 1345 908 1407 luisse
919 1345 1098 1421 maioribus
1111 1366 1183 1426 quo-

113 1433 191 1494 tiens
207 1431 382 1492 dirimerent
394 1430 546 1505 amicitias,
562 1428 737 1503 interdicere
753 1429 841 1491 domo
863 1449 1001 1511 eumque·
1009 1433 1106 1503 finem
1120 1451 1184 1513 gra-

112 1518 171 1579 tiae
186 1535 313 1596 ponere:
330 1516 358 1576 id
375 1535 407 1576 se
423 1515 597 1593 repetivisse
610 1514 641 1574 in
653 1514 799 1585 Labeone,
815 1514 1017 1596 atqueillum,
1028 1518 1100 1598 qnia
1112 1518 1185 1587 malo
1202 1528 1224 1576 ts

112 1601 331 1664 administratae
339 1601 508 1680 provinciae
516 1600 702 1678 aliorumque
712 1599 1053 1680 criminumurgcbatur,
1066 1604 1183 1683 culpam

112 1687 219 1759 invidia
232 1687 386 1762 velavisse,
404 1687 514 1746 frustra
538 1685 697 1746 conterrita
709 1703 813 1757 uxore,
834 1705 923 1766 quam
938 1688 997 1748 etsi
1012 1696 1183 1761 nocentem,

111 1770 232 1852 periculi
249 1780 350 1832 tamen
366 1779 515 1850 expertem
527 1769 626 1830 fuisse.
656 1771 820 1833 Mamercus
836 1772 903 1833 dein
915 1772 1050 1851 Scaurus
1061 1792 1182 1837 rursum

108 1859 287 1937 postulatur,
310 1856 435 1934 insignis
451 1855 605 1928 nobilitate
620 1863 650 1914 et
663 1855 782 1929 orandis
797 1857 911 1929 causis,
931 1858 992 1921 vita
1007 1859 1182 1939 probrosus.

109 1943 187 2004 Nihil
201 1944 283 2003 hunc
293 1940 420 2002 amicitia
432 1940 541 2008 Seiani,
557 1940 609 1999 sed
625 1940 762 2001 labefecit
782 1943 982 2005 baudminus
1001 1944 1134 2006 validum
1149 1945 1183 2006 ad
1196 1950 1221 2000 to

112 2028 197 2101 exitia
212 2027 359 2088 Macronis
371 2026 482 2097 odium,
499 2024 548 2104 qui
564 2025 681 2085 casdem
697 2036 775 2098 artes
790 2028 932 2093 occultius
949 2029 1110 2095 exercebat
1132 2032 1181 2092 de·

111 2115 277 2193 tuleratque
288 2121 497 2190 argumentum
509 2110 675 2189 tragoediae
689 2130 703 2170 a
717 2111 828 2183 Scauro
841 2114 976 2194 scriptae,
993 2115 1107 2183 additis
1119 2135 1182 2178 ver-

110 2199 202 2271 sibus,
219 2199 269 2277 qui
281 2197 313 2258 in
324 2196 476 2271 Tiberium
490 2194 690 2263 llecte'rentur.
714 2196 822 2269 Verum
835 2199 1010 2269 abServilio
1024 2209 1055 2268 et
1067 2202 1180 2277 carne

145 2337 168 2385 t.
188 2334 255 2386 Solia
266 2351 350 2395 orum,
362 2351 393 2383 zu
405 2333 554 2400 Heliopolis.
704 2333 746 2397 20.
764 2335 887 2401 leboseett.
909 2335 1045 2403 Ueberdiq
1061 2337 1180 2405 Stqllpng

144 2394 194 2465 29.
214 2403 237 2454 8.
256 2405 351 2454 rettuli.
370 2402 411 2454 lV.
429 2405 472 2469 47,
482 2419 521 2454 wo
533 2420 566 2455 m.
577 2420 598 2454 s.
670 2402 733 2471 zpl,
746 2407 787 2456 35.

147 2474 185 2525 to.
208 2471 346 2537 publicatis
361 2475 431 2523 bonta
452 2474 541 2535 gebbrt
560 2490 616 2541 zum
704 2473 745 2523 22.
761 2475 1175 2543 arguamntomdmgoddjqpue

111 2540 268 2605 Folgenden:
293 2541 332 2590 die
351 2542 431 2593 Giiter
453 2543 498 2591 der
520 2543 617 2595 Veruc—
669 2557 702 2603 ur.
737 2542 787 2607 Das
811 2557 893 2608 gedec,
909 2541 1080 2609 Treuerspiel
1102 2545 1177 2595 sollte

111 2609 219 2659 thoilten
234 2610 338 2659 wurdeu
351 2609 497 2661 confisciert
512 2610 562 2660 und
576 2612 616 2663 ihr
669 2609 715 2672 tuf
725 2610 767 2660 dio
778 2610 837 2660 Zeit
849 2611 921 2674 gebu.
946 2610 996 2676 Um,
1012 2613 1069 2663 dies
1087 2613 1175 2677 zube-

109 2674 261 2739 Begriibniss
278 2686 418 2743 untersagt.
442 2676 494 2731 Der
509 2679 617 2745 Schrilt-
668 2678 778 2743 weisen,
813 2679 918 2741 wurden
947 2681 1012 2729 noch
1038 2679 1175 2745 besopders

109 2745 280 2811 stellcrsetzt
298 2763 399 2809 vorans,
419 2747 478 2799 dass
490 2763 546 2799 man
558 2765 617 2800 ver·
669 2747 754 2810 einiga
767 2747 849 2798 Mersa
867 2746 1121 2815 damus—angelrilprt,
1137 2749 1174 2809 dic

110 2814 188 2886 steht,
200 2815 303 2881 dassen
311 2833 360 2871 von
371 2815 507 2883 Urtbeilen
515 2817 559 2867 des
571 2819 616 2871 Se-
668 2833 725 2875 nar
737 2814 782 2877 tuf,
792 2815 911 2869 Tiberim
923 2816 1011 2879 bears·
1030 2817 1082 2875 Dio.
1091 2815 1172 2879 LVlll

110 2890 171 2941 nats¹
190 2883 217 2937 in
247 2885 376 2951 schwercin
402 2882 615 2949 criminalsechen
669 2889 700 2937 24
710 2879 817 2948 Ἀτρεὺς
826 2883 878 2950 μὲν
894 2880 924 2935 τὸ
942 2888 1050 2949 ποίημα
1063 2876 1106 2950 ἦν,
1120 2902 1174 2935 πα-

108 2953 191 3017 redet.
208 2944 266 3021 Vgl.
282 2970 312 3003 zu
326 2955 414 3006 luto.
668 2951 742 3040 ψει
770 2951 801 3003 δὲ
817 2953 872 3004 τῶν
882 2949 1043 3020 ἀρχομένων
1058 2947 1172 3016 uvido?

144 3021 183 3072 16.
212 3023 360 3089 urgebatur.
381 3023 491 3089 mitdem
509 3020 615 3087 Genitiv
668 3028 753 3078 αυτοῦ
776 3014 844 3071 κατὰ
866 3017 917 3072 τὸν
936 3018 1101 3089 Εὖριῑιίδην,
1131 3019 1174 3074 ἵνα

109 3089 174 3155 nach
185 3088 230 3145 der
237 3090 360 3154 Analogie
370 3108 420 3141 von
432 3106 554 3155 occurrere
564 3092 615 3155 und
667 3095 717 3158 cdv
727 3096 774 3146 τοῦ
785 3087 946 3156 κρατοῦντος
956 3083 1088 3154 ἀβουλῶν
1099 3091 1174 3171 φέρῃ·

107 3156 231 3211 damnare
242 3156 543 3225 [leberdenlndicativzu
550 3158 566 3208 Ι.
576 3160 614 3209 to.
668 3163 729 3221 Eur.
742 3164 835 3214 Phoen.
854 3157 904 3208 396
916 3153 963 3215 τὰς
975 3156 1030 3207 τῶν
1041 3176 1171 3230 sparova-

141 3223 485 3293 culpomincr‘dp'uacidoissc:
498 3227 614 3293 habedic
666 3249 720 3289 των
731 3227 856 3300 ἀμαθίας
868 3227 961 3294 φέρειν
970 3216 1070 3294 χρεών,

109 3292 201 3343 Schuld
222 3294 300 3343 durch
322 3294 463 3362 Errepungl
476 3312 524 3344 von
548 3295 613 3345 Mass
702 3300 742 3349 23.
762 3292 901 3357 &rodmar
915 3294 1173 3358 Cmacliollinervon

667 3369 755 3421 diesen
772 3370 842 3421 hiass
854 3363 902 3413 mit
917 3362 1049 3427 Beinamen
1067 3363 1173 3419 Tutus.

108 3377 188 3427 gegen
205 3360 325 3427 Tiberius
345 3364 466 3413 verbiillt.
495 3363 531 3413 Er
550 3363 613 3414 habe

667 3438 723 3487 Seu.
742 3438 815 3489 snas.
832 3429 855 3490 2,
868 3431 899 3479 22
916 3447 940 3496 p.
958 3433 988 3483 rt
1005 3432 1059 3499 Bip.
1079 3431 1175 3495 Tama

109 3430 148 3479 die
162 3430 268 3481 Absicht
284 3433 375 3494 gehabt
387 3432 495 3496 glauben
515 3448 546 3482 zu
560 3449 613 3483 ma-

107 3498 179 3562 cheu,
201 3500 259 3549 dass
286 3502 456 3564 perstinlicher
480 3501 544 3551 Mass
569 3502 612 3552 des

107 3565 164 3616 Tib.
189 3569 230 3617 ihn
249 3584 304 3617 zum
322 3569 477 3621 Selbstmord
494 3585 613 3634 gezwun-

106 3649 162 3697 gen.
175 3633 212 3684 ill.
223 3637 333 3687 ldaoom
343 3638 466 3688 invidebam
477 3638 614 3690 talemaro

105 3705 255 3767 quaestions.

106 3832 108 3836 Ι
144 3771 450 3835 ll.sructrowiel.30.

143 3839 182 3890 18.
193 3836 459 3894 MarraercusScaurue.
467 3844 491 3893 S.
498 3841 552 3894 zul.
563 3844 601 3895 13.

666 3504 716 3567 ida,
741 3509 786 3569 qui
806 3504 935 3560 Scaurum,
952 3498 1128 3566 Mamercum,
1146 3505 1173 3553 o·

666 3588 715 3637 pato
743 3572 901 3625 Scaurorum
922 3568 1038 3634 Iamdiu
1059 3575 1173 3633 ecem

666 3645 711 3706 est,
727 3645 870 3692 macectatia
884 3652 958 3688 rcum
967 3638 1082 3703 fecerat,
1099 3641 1172 3691 homo

665 3711 858 3776 quamohrproda'
878 3710 961 3757 animi
983 3709 1036 3756 iam
1058 3709 1176 3774 infelicis

665 3780 769 3842 degenti.
799 3776 872 3828 Lita'a
895 3776 931 3825 ist
954 3775 996 3825 oie
1012 3776 1174 3838 Schwirgcr·

664 3847 764 3895 tnchter
776 3846 820 3896 des
838 3844 963 3897 Tiberius.
989 3843 1016 3895 S.
1027 3859 1060 3893 zu
1071 3842 1117 3896 vt.
1129 3843 1154 3893 2.
