2646 4404
142 218 205 281 208
544 216 807 269 connuurncirr

1090 228 1119 283 (ι.
1131 242 1152 281 ι
1163 234 1195 273 an

142 381 270 452 utroque
289 373 398 433 bellum
420 371 475 432 sibi
499 382 651 451 poscente.
674 373 743 433 blox
758 374 849 433 Varro
867 371 1016 433 invalidus
1032 380 1148 432 senecta
1162 372 1199 432 u·-

143 459 223 536 gcnti
239 458 311 518 Silio
326 457 482 518 concessit.

84 546 125 600 dt
226 543 264 603 dt
284 544 394 603 ltomae
415 560 477 602 non
494 542 631 601 Treviros
652 543 739 602 modo
761 550 792 602 et
805 543 934 613 Aeduos,
954 542 1007 601 sed
1023 549 1165 620 quattuor
1177 552 1202 604 et
1229 557 1232 564 ·

142 629 291 703 sexaginta
302 628 458 687 Galliarum
476 628 607 687 civitates
624 628 789 700 descivisse,
806 629 981 707 adsumptos
994 626 1203 687 insacietatem

142 714 316 784 Germanos,
344 713 445 773 dubias
466 713 630 790 llispanias,
658 721 773 783 cuncta,
799 720 833 773 ut
853 731 920 773 mos
935 713 1043 783 famae,
1070 711 1102 770 in
1118 712 1222 773 maiust

143 799 263 859 credita.
280 799 428 877 Optumus
441 799 567 877 quisque
580 798 622 857 rei
636 798 769 875 publicae
782 817 851 859 cura
863 796 1032 866 maerebat;
1045 796 1134 881 multi
1145 798 1203 858 odio

141 884 343 963 praesentium
364 892 392 943 ot
408 883 545 961 cupitline
562 883 735 943 mutationis
751 884 812 943 suis
828 902 947 962 quoque
962 882 1107 960 periculis
1121 882 1205 944 laeta·

141 970 252 1030 bantur
267 968 517 1047 increpabantque
533 968 695 1033 Tiberium,
719 969 796 1045 quod
813 968 842 1027 in
858 977 941 1028 tanto
957 986 1060 1027 rerum
1075 974 1163 1028 motu
1176 969 1205 1028 li-

141 1053 225 1115 bellis
240 1063 446 1114 accusatorum
458 1054 624 1113 insumeret
636 1072 765 1131 operam.
789 1054 834 1114 dn
845 1052 1036 1114 Sacrovirum
1048 1052 1206 1115 maiestatis

141 1140 266 1200 erimine
281 1158 365 1199 reum
382 1140 412 1198 in
428 1146 534 1199 senatu
545 1135 633 1198 iore?
646 1138 786 1199 Extitisse
800 1140 918 1199 tandem
931 1138 1021 1208 viros,
1038 1138 1092 1216 qui
1103 1157 1205 1199 cruen-
1219 1153 1237 1201 n

143 1234 186 1285 tas
209 1225 348 1304 epistulas
369 1225 459 1284 armis
481 1223 662 1284 cohiberent.
685 1223 823 1284 Miseram
845 1243 947 1302 pacem
971 1223 1019 1282 rel
1041 1223 1123 1283 bello
1138 1224 1205 1285 bene

141 1311 260 1371 mutari.
284 1311 378 1369 Tanto
395 1309 548 1388 inpensius
564 1309 596 1368 in
611 1309 800 1369 securitatem
817 1309 1011 1387 compositus,
1034 1326 1135 1387 neque
1150 1311 1205 1370 loce

141 1414 239 1473 neque
252 1396 333 1454 vultu
346 1403 467 1463 mutato,
484 1394 545 1461 sed,
562 1402 595 1454 ut
607 1395 739 1467 solitum,
753 1414 807 1473 per
819 1395 882 1455 illos
894 1395 957 1454 dies
969 1394 1040 1472 egit,
1056 1394 1205 1456 altitudine

140 1480 241 1545 animi,
258 1498 296 1539 an
312 1487 485 1557 conpererat
500 1479 615 1539 modica
632 1498 695 1538 esse
712 1489 741 1540 et
756 1480 879 1556 vulgatis
893 1480 1012 1540 leviora.

83 1570 123 1624 ts
224 1564 345 1623 lnterim
361 1565 459 1639 Silius,
483 1584 550 1624 cum
568 1564 733 1641 legionibus
749 1566 862 1625 duabus
878 1565 1032 1635 inccdens,
1048 1564 1204 1644 praemissa
1219 1568 1237 1617 15

142 1649 274 1709 auxiliari
296 1668 386 1709 manu
401 1657 493 1709 vastat
510 1651 716 1728 Sequanorum
732 1670 831 1729 pagos
853 1651 902 1729 qui
918 1650 1025 1709 finium
1041 1650 1168 1710 extremi
1182 1661 1206 1711 et

140 1735 249 1795 Aeduis
266 1735 443 1794 contermini
458 1735 590 1812 sociique
606 1735 635 1794 in
652 1736 742 1795 armis
758 1744 852 1795 erant.
875 1736 941 1796 lllox
956 1735 1204 1813 Augustodunum

141 1820 215 1898 petit
234 1838 362 1899 propero
383 1820 509 1895 tigmine
535 1820 718 1881 certantibus
740 1821 819 1880 inter
835 1840 866 1880 se
882 1821 1041 1899 signiferis,
1062 1821 1203 1882 fremente

141 1904 230 1965 etiam
245 1905 378 1982 gregario
391 1905 493 1977 milite,
511 1923 548 1963 ne
564 1914 678 1965 suetam
694 1907 838 1985 requiem,
850 1923 888 1965 ne
901 1905 993 1983 spatia
1006 1906 1146 1966 noctium
1157 1925 1202 1984 op

139 1991 302 2069 periretur:
327 1990 462 2050 riderent
483 1991 571 2049 modo
594 1991 732 2051 atlversos
755 1999 783 2051 et
799 1991 1018 2069 aspicerentur3
1040 1991 1070 2050 id
1088 1992 1160 2052 satis
1172 1988 1246 2074 addj

140 2076 302 2135 victoriam.
334 2075 550 2135 Duodecimum
574 2077 652 2152 apud
673 2077 798 2155 lapidem
815 2077 952 2136 Sacrovir
972 2076 1138 2155 copiaeque
1156 2094 1201 2155 pa·

139 2161 272 2221 tentibus
298 2160 370 2221 locis
394 2179 564 2239 apparuere.
598 2161 632 2220 ln
653 2162 749 2221 fronte
770 2169 914 2221 statuerat
932 2162 1070 2233 tenatos,
1091 2162 1124 2222 in
1144 2179 1200 2222 cor-

139 2247 228 2306 nibus
256 2246 403 2317 eobortes,
431 2266 447 2304 a
473 2254 554 2323 tergo
576 2265 749 2306 semermos.
782 2247 848 2324 lpse
869 2246 947 2306 inter
967 2246 1119 2325 primores
1134 2264 1199 2325 equo

139 2331 249 2409 insigni
269 2332 360 2403 adire,
381 2350 547 2391 memorare
567 2340 682 2392 veteres
699 2332 848 2391 Gallorum
863 2331 979 2408 glorias,
996 2351 1136 2411 quaeque
1150 2331 1200 2391 llu-

177 2455 198 2503 1.
223 2450 351 2500 inualidus
372 2456 480 2500 seruet.
511 2451 643 2501 llieselben

140 2518 233 2570 Wortc
246 2518 312 2569 xlll.
326 2522 349 2569 u.
363 2519 391 2568 ll.
405 2519 422 2568 l.
436 2520 459 2568 9.
473 2517 511 2568 lll.
525 2521 564 2568 o5.

173 2579 222 2637 44.
245 2588 267 2637 3.
287 2591 405 2652 quattuor
429 2591 454 2636 et
478 2602 569 2651 sesag.
596 2587 644 2636 ‘die

139 2656 188 2706 64’.
215 2655 286 2705 Nach
304 2655 393 2704 Strabo
412 2653 453 2704 lV.
470 2655 521 2717 3‚2
540 2656 643 2704 standon

139 2724 185 2773 aul
196 2725 249 2772 dem
257 2724 332 2773 Alter
345 2723 526 2784 desAugustus
536 2723 645 2789 zuLyon

139 2793 181 2842 die
199 2793 294 2841 Numen
314 2809 362 2840 von
377 2793 409 2840 tto
422 2791 544 2856 Vellera,
561 2794 645 2840 wahr-

139 2861 281 2910 scheiulich
293 2860 348 2909 cine
361 2861 440 2909 runde
454 2860 526 2909 Zahl.
549 2859 584 2908 Es
597 2860 645 2923 gab

138 2928 192 2977 viel
207 2930 279 2978 mehr
295 2928 407 2976 einzelne
425 2927 644 2987 b’iillrersehalth

138 2998 199 3046 aber
212 2997 269 3045 hier
281 2997 383 3045 werden
398 3012 445 3043 nur
458 2996 499 3044 die
512 2995 643 3044 uumittel-

137 3064 183 3112 bar
207 3080 256 3112 von
278 3064 325 3111 deu
347 3064 455 3112 Rlimern
478 3063 643 3125 abb‘aingigen,

139 3131 209 3180 uiebt
226 3131 267 3180 die
284 3131 382 3180 wieder
400 3148 430 3178 zu
448 3132 542 3179 andern
560 3129 643 3180 Galli-

139 3200 213 3248 sehen
233 3198 346 3247 Vellem
369 3199 401 3247 im
419 3199 643 3248 Clientolverhiilt·

138 3267 191 3316 niss
205 3266 342 3316 stebeuden
354 3266 464 3328 geadblt.

173 3338 197 3385 5.
215 3339 305 3383 carrecta
319 3363 349 3369 —
367 3333 470 3384 eredita.
502 3335 531 3384 ll.
550 3334 591 3385 lV.
610 3336 642 3383 50

138 3420 243 3468 ceraque
266 3407 290 3451 et
307 3401 385 3468 salsa
408 3417 479 3451 more
495 3405 591 3468 saraiae
613 3405 641 3451 iu

137 3475 222 3521 marus
234 3475 373 3521 innotuere.

173 3542 196 3590 e.
214 3540 318 3590 eredita.
342 3539 449 3588 llieraus
466 3539 532 3588 wird
551 3556 581 3587 zu
594 3541 641 3588 den

137 3608 361 3671 vorhcrgehenden
378 3605 499 3656 Gliedern
516 3607 640 3656 creditura

136 3677 251 3739 gedacbt.
273 3676 353 3728 Ueber
365 3678 390 3724 in
403 3677 490 3724 maiam
502 3676 643 3738 (‘vcrgriis-

137 3743 211 3806 sert’)
225 3761 245 3793 s.
260 3762 291 3793 zu
303 3744 331 3794 ll.
347 3745 385 3795 13.

172 3812 194 3860 8.
214 3812 302 3861 libellis
313 3817 499 3862 accusatorum.
521 3812 545 3861 S.
559 3810 587 3860 ll.
601 3812 641 3862 29.

173 3881 212 3931 10.
232 3886 352 3930 cruentas·
363 3881 486 3946 epistulas
498 3895 528 3929 an
540 3881 587 3930 deu
597 3879 642 3928 Se·

698 2458 742 2500 nat
758 2451 821 2500 iiber
837 2465 887 2498 von
905 2450 1000 2500 diesem
1013 2466 1045 2499 zu
1056 2450 1197 2501 lliclrtcnde.

736 2519 775 2570 13.
794 2518 926 2568 altitudine
942 2521 1027 2567 animi
1045 2518 1198 2569 ‘Versclilos

699 2588 812 2636 senbeit’.
837 2587 865 2636 ll.
882 2586 925 2636 lV.
939 2586 1162 2652 86'sirnplz'ea‘tatis
1174 2600 1198 2635 ac

698 2655 835 2704 modestiae
858 2657 975 2720 imagine
995 2657 1022 2703 tu
1043 2655 1197 2705 altitudinem

699 2722 820 2773 conditus.
851 2724 912 2773 Sall.
934 2723 990 2786 lug.
1009 2724 1042 2772 95
1067 2723 1105 2773 ad
1126 2726 1199 2773 simu

699 2790 775 2842 landa
797 2794 898 2856 negotio
919 2790 1025 2841 altitudo
1044 2794 1148 2857 ingenii
1165 2794 1200 2841 in·

700 2859 833 2911 eedtoitis.

732 2923 781 2978 45.
798 2928 836 2977 16.
848 2927 976 2976 ancillari
982 2942 1070 2988 manu,
1083 2925 1201 2977 Reiterei.

697 2997 721 3045 S.
743 3014 765 3046 e.
778 2996 818 3046 46.
843 2995 926 3046 Ueber
943 2996 984 3045 die
1004 2997 1169 3059 Sequauer
1183 3010 1200 3044 s.

697 3063 752 3114 zul.
762 3065 801 3114 34.
821 3063 864 3114 Sie
873 3064 975 3113 heissen
985 3064 1200 3129 autumarent,

697 3134 771 3182 niiml.
785 3148 833 3181 von
848 3131 957 3193 Gallico,
969 3133 1032 3183 weil
1044 3133 1085 3182 sie
1098 3147 1130 3181 an
1140 3132 1201 3183 Ger·

697 3203 779 3250 inania
792 3201 910 3265 superior
921 3208 1054 3263 grenztem
1066 3202 1157 3249 wohor
1165 3200 1203 3250 Si·

697 3269 748 3317 lius
762 3269 827 3317 kam.

734 3337 773 3389 19.
793 3339 960 3403 opperiretur.
988 3336 1012 3386 S.
1027 3353 1059 3385 zu
1072 3334 1116 3387 lV.
1130 3337 1171 3385 71.

731 3406 772 3455 20.
803 3404 955 3454 riderent-
968 3409 992 3453 et
1021 3407 1203 3470 aspicerentur.

696 3473 727 3523 A.
740 3475 772 3522 45
786 3474 926 3539 Praecipua
937 3474 984 3522 sub
994 3472 1145 3523 Domitiano
1156 3475 1203 3523 rni-

696 3545 824 3590 seriarum
838 3557 901 3607 pars
917 3546 972 3590 erat
982 3539 1067 3590 ridere
1080 3545 1104 3591 et
1115 3543 1203 3605 aspici.

730 3610 770 3659 23.
795 3614 860 3659 iuter
868 3611 1005 3675 miratores,
1018 3610 1143 3672 umgeben
1157 3626 1204 3659 rou

695 3678 743 3727 deu
756 3678 934 3741 lliiuptlingen.

732 3747 772 3794 24.
783 3747 891 3809 glorias,
905 3746 1041 3796 indemder
1052 3744 1145 3809 nuum,
1158 3746 1204 3797 deu

693 3815 753 3878 jede
775 3815 889 3864 einzelne
906 3815 1121 3876 ausgezeiclruete
1139 3814 1204 3864 Tum

698 3889 801 3945 erzeugt
825 3884 909 3946 hatte,
933 3882 1072 3932 besonders
1097 3884 1205 3946 gedaebt
