<?xml version="1.0" encoding="UTF-8"?>
<!DOCTYPE html PUBLIC "-//W3C//DTD XHTML 1.0 Transitional//EN"
    "http://www.w3.org/TR/xhtml1/DTD/xhtml1-transitional.dtd">
<html xmlns="http://www.w3.org/1999/xhtml" xml:lang="en" lang="en">
 <head>
  <title>
</title>
<meta http-equiv="Content-Type" content="text/html;charset=utf-8" />
  <meta name='ocr-system' content='tesseract 3.04.00' />
  <meta name='ocr-capabilities' content='ocr_page ocr_carea ocr_par ocr_line ocrx_word'/>
</head>
<body>
  <div class='ocr_page' id='page_1' title='image "./corneliustacitu02tacigoog_0126.png"; bbox 0 0 2646 4404; ppageno 0'>
   <div class='ocr_carea' id='block_1_1' title="bbox 82 31 139 128">
    <p class='ocr_par' dir='ltr' id='par_1_1' title="bbox 82 31 139 128">
     <span class='ocr_line' id='line_1_1' title="bbox 82 31 139 128; baseline 0 0"><span class='ocrx_word' id='word_1_1' title='bbox 82 31 139 128; x_wconf 93' lang='grc' dir='ltr'>Ρ</span> 
     </span>
    </p>
   </div>
   <div class='ocr_carea' id='block_1_2' title="bbox 81 206 1193 303">
    <p class='ocr_par' dir='ltr' id='par_1_2' title="bbox 81 197 1193 303">
     <span class='ocr_line' id='line_1_2' title="bbox 81 206 1193 303; baseline 0.003 -42"><span class='ocrx_word' id='word_1_2' title='bbox 81 240 94 303; x_wconf 34' lang='grc' dir='ltr'><strong>ἑ,</strong></span> <span class='ocrx_word' id='word_1_3' title='bbox 124 234 151 277; x_wconf 69' lang='lat' dir='ltr'><strong>n</strong></span> <span class='ocrx_word' id='word_1_4' title='bbox 162 220 205 265; x_wconf 72' lang='grc' dir='ltr'><strong>αι</strong></span> <span class='ocrx_word' id='word_1_5' title='bbox 218 222 255 275; x_wconf 81' lang='grc' dir='ltr'><strong>ιι)</strong></span> <span class='ocrx_word' id='word_1_6' title='bbox 323 208 368 261; x_wconf 79' lang='lat' dir='ltr'><strong>sn</strong></span> <span class='ocrx_word' id='word_1_7' title='bbox 385 206 538 261; x_wconf 79' lang='lat' dir='ltr'><strong>excussu</strong></span> <span class='ocrx_word' id='word_1_8' title='bbox 556 208 624 261; x_wconf 82' lang='lat' dir='ltr'><strong>orvi</strong></span> <span class='ocrx_word' id='word_1_9' title='bbox 641 207 785 262; x_wconf 79' lang='lat' dir='ltr'><strong>accuser</strong></span> <span class='ocrx_word' id='word_1_10' title='bbox 801 209 821 261; x_wconf 96' lang='grc' dir='ltr'><strong>ι.</strong></span> <span class='ocrx_word' id='word_1_11' title='bbox 839 210 881 261; x_wconf 84' lang='lat' dir='ltr'><strong>rc.</strong></span> <span class='ocrx_word' id='word_1_12' title='bbox 892 210 983 261; x_wconf 80' lang='grc' dir='ltr'>ιιιι.</span> <span class='ocrx_word' id='word_1_13' title='bbox 1155 210 1193 272; x_wconf 87' lang='lat'><strong>81</strong></span> 
     </span>
    </p>
   </div>
   <div class='ocr_carea' id='block_1_3' title="bbox 79 357 1267 2137">
    <p class='ocr_par' dir='ltr' id='par_1_3' title="bbox 81 357 1201 697">
     <span class='ocr_line' id='line_1_3' title="bbox 81 357 1196 443; baseline 0.002 -20"><span class='ocrx_word' id='word_1_14' title='bbox 81 357 96 411; x_wconf 84' lang='lat'><strong>&#39;-</strong></span> <span class='ocrx_word' id='word_1_15' title='bbox 125 360 168 423; x_wconf 82' lang='lat' dir='ltr'><strong>rit</strong></span> <span class='ocrx_word' id='word_1_16' title='bbox 181 364 354 441; x_wconf 84' lang='lat' dir='ltr'><strong>spectaculo</strong></span> <span class='ocrx_word' id='word_1_17' title='bbox 368 362 449 443; x_wconf 86' lang='lat' dir='ltr'><strong>ipse,</strong></span> <span class='ocrx_word' id='word_1_18' title='bbox 469 360 547 423; x_wconf 84' lang='lat' dir='ltr'><strong>varie</strong></span> <span class='ocrx_word' id='word_1_19' title='bbox 567 361 739 433; x_wconf 79' lang='lat' dir='ltr'><strong>trabebant3</strong></span> <span class='ocrx_word' id='word_1_20' title='bbox 761 362 810 423; x_wconf 89' lang='lat' dir='ltr'><strong>alii</strong></span> <span class='ocrx_word' id='word_1_21' title='bbox 824 362 922 423; x_wconf 86' lang='lat' dir='ltr'><strong>taedio</strong></span> <span class='ocrx_word' id='word_1_22' title='bbox 938 372 1054 433; x_wconf 88' lang='lat' dir='ltr'><strong>coetus,</strong></span> <span class='ocrx_word' id='word_1_23' title='bbox 1077 364 1196 442; x_wconf 90' lang='lat' dir='ltr'><strong>quidam</strong></span> 
     </span>
     <span class='ocr_line' id='line_1_4' title="bbox 125 446 1199 527; baseline 0 -18"><span class='ocrx_word' id='word_1_24' title='bbox 125 446 249 509; x_wconf 76' lang='lat' dir='ltr'><strong>tristitie</strong></span> <span class='ocrx_word' id='word_1_25' title='bbox 259 446 372 527; x_wconf 81' lang='lat' dir='ltr'><strong>ingenii</strong></span> <span class='ocrx_word' id='word_1_26' title='bbox 383 455 413 510; x_wconf 93' lang='lat' dir='ltr'><strong>et</strong></span> <span class='ocrx_word' id='word_1_27' title='bbox 424 455 507 508; x_wconf 89' lang='lat' dir='ltr'><strong>metu</strong></span> <span class='ocrx_word' id='word_1_28' title='bbox 518 447 748 525; x_wconf 87' lang='lat' dir='ltr'><strong>conparaticnis,</strong></span> <span class='ocrx_word' id='word_1_29' title='bbox 764 447 991 525; x_wconf 74' lang='lat' dir='ltr'><strong>quiabugustus</strong></span> <span class='ocrx_word' id='word_1_30' title='bbox 1007 448 1133 509; x_wconf 90' lang='lat' dir='ltr'><strong>comiter</strong></span> <span class='ocrx_word' id='word_1_31' title='bbox 1147 448 1199 509; x_wconf 92' lang='lat' dir='ltr'><strong>in·</strong></span> 
     </span>
     <span class='ocr_line' id='line_1_5' title="bbox 125 530 1201 595; baseline -0.003 0"><span class='ocrx_word' id='word_1_32' title='bbox 125 530 292 595; x_wconf 77' lang='lat' dir='ltr'><strong>tatusset</strong></span> <span class='ocrx_word' id='word_1_33' title='bbox 316 532 381 593; x_wconf 91' lang='lat' dir='ltr'><strong>Non</strong></span> <span class='ocrx_word' id='word_1_34' title='bbox 394 530 572 593; x_wconf 78' lang='lat' dir='ltr'>crediderim</span> <span class='ocrx_word' id='word_1_35' title='bbox 584 531 620 591; x_wconf 93' lang='lat' dir='ltr'><strong>ad</strong></span> <span class='ocrx_word' id='word_1_36' title='bbox 632 531 843 592; x_wconf 83' lang='lat' dir='ltr'><strong>ostentandam</strong></span> <span class='ocrx_word' id='word_1_37' title='bbox 856 532 1008 593; x_wconf 86' lang='lat' dir='ltr'><strong>saevitiam</strong></span> <span class='ocrx_word' id='word_1_38' title='bbox 1021 534 1201 593; x_wconf 84' lang='lat' dir='ltr'><strong>movendas-</strong></span> 
     </span>
     <span class='ocr_line' id='line_1_6' title="bbox 123 616 1200 697; baseline -0.002 -18"><span class='ocrx_word' id='word_1_39' title='bbox 123 634 185 697; x_wconf 86' lang='lat' dir='ltr'><strong>que</strong></span> <span class='ocrx_word' id='word_1_40' title='bbox 196 618 299 697; x_wconf 88' lang='lat' dir='ltr'><strong>populi</strong></span> <span class='ocrx_word' id='word_1_41' title='bbox 317 616 497 678; x_wconf 76' lang='lat' dir='ltr'><strong>offensiones</strong></span> <span class='ocrx_word' id='word_1_42' title='bbox 520 633 695 677; x_wconf 83' lang='lat' dir='ltr'><strong>concessam</strong></span> <span class='ocrx_word' id='word_1_43' title='bbox 712 616 772 675; x_wconf 85' lang='lat' dir='ltr'><strong>tilio</strong></span> <span class='ocrx_word' id='word_1_44' title='bbox 791 617 957 689; x_wconf 81' lang='lat' dir='ltr'><strong>materiem,</strong></span> <span class='ocrx_word' id='word_1_45' title='bbox 974 635 1156 696; x_wconf 90' lang='lat' dir='ltr'><strong>quamquam</strong></span> <span class='ocrx_word' id='word_1_46' title='bbox 1170 618 1200 677; x_wconf 95' lang='lat' dir='ltr'><strong>id</strong></span> 
     </span>
    </p>

    <p class='ocr_par' dir='ltr' id='par_1_4' title="bbox 81 702 448 781">
     <span class='ocr_line' id='line_1_7' title="bbox 81 702 448 781; baseline -0.016 -15"><span class='ocrx_word' id='word_1_47' title='bbox 81 712 106 775; x_wconf 70' lang='lat' dir='ltr'><strong>,t</strong></span> <span class='ocrx_word' id='word_1_48' title='bbox 124 718 249 781; x_wconf 88' lang='lat' dir='ltr'><strong>quoque</strong></span> <span class='ocrx_word' id='word_1_49' title='bbox 264 702 379 764; x_wconf 88' lang='lat' dir='ltr'><strong>dictum</strong></span> <span class='ocrx_word' id='word_1_50' title='bbox 394 709 448 761; x_wconf 91' lang='lat' dir='ltr'><strong>est.</strong></span> 
     </span>
    </p>

    <p class='ocr_par' dir='ltr' id='par_1_5' title="bbox 124 784 1255 951">
     <span class='ocr_line' id='line_1_8' title="bbox 212 784 1255 865; baseline 0.004 -20"><span class='ocrx_word' id='word_1_51' title='bbox 212 785 500 848; x_wconf 74' lang='lat' dir='ltr'><strong>Attbeatrilicentia</strong></span> <span class='ocrx_word' id='word_1_52' title='bbox 519 784 654 863; x_wconf 87' lang='lat' dir='ltr'><strong>proximo</strong></span> <span class='ocrx_word' id='word_1_53' title='bbox 672 784 773 862; x_wconf 91' lang='lat' dir='ltr'><strong>priore</strong></span> <span class='ocrx_word' id='word_1_54' title='bbox 792 804 871 846; x_wconf 92' lang='lat' dir='ltr'><strong>anno</strong></span> <span class='ocrx_word' id='word_1_55' title='bbox 889 794 994 865; x_wconf 87' lang='lat' dir='ltr'><strong>coepta</strong></span> <span class='ocrx_word' id='word_1_56' title='bbox 1004 786 1122 864; x_wconf 82' lang='lat' dir='ltr'><strong>gravius</strong></span> <span class='ocrx_word' id='word_1_57' title='bbox 1135 793 1200 846; x_wconf 91' lang='lat' dir='ltr'><strong>tum</strong></span> <span class='ocrx_word' id='word_1_58' title='bbox 1216 791 1255 849; x_wconf 77' lang='lat' dir='ltr'><strong>tt</strong></span> 
     </span>
     <span class='ocr_line' id='line_1_9' title="bbox 124 870 1199 951; baseline 0 -20"><span class='ocrx_word' id='word_1_59' title='bbox 124 870 237 951; x_wconf 81' lang='lat' dir='ltr'><strong>erupit,</strong></span> <span class='ocrx_word' id='word_1_60' title='bbox 252 872 356 933; x_wconf 88' lang='lat' dir='ltr'><strong>occisis</strong></span> <span class='ocrx_word' id='word_1_61' title='bbox 372 888 435 932; x_wconf 92' lang='lat' dir='ltr'><strong>non</strong></span> <span class='ocrx_word' id='word_1_62' title='bbox 450 870 541 930; x_wconf 90' lang='lat' dir='ltr'><strong>modo</strong></span> <span class='ocrx_word' id='word_1_63' title='bbox 558 889 574 928; x_wconf 91' lang='lat' dir='ltr'><strong>e</strong></span> <span class='ocrx_word' id='word_1_64' title='bbox 590 870 685 948; x_wconf 86' lang='lat' dir='ltr'><strong>plebe,</strong></span> <span class='ocrx_word' id='word_1_65' title='bbox 702 870 791 928; x_wconf 89' lang='lat' dir='ltr'><strong>ctiam</strong></span> <span class='ocrx_word' id='word_1_66' title='bbox 812 870 955 931; x_wconf 81' lang='lat' dir='ltr'><strong>militibus</strong></span> <span class='ocrx_word' id='word_1_67' title='bbox 968 880 998 932; x_wconf 90' lang='lat' dir='ltr'><strong>et</strong></span> <span class='ocrx_word' id='word_1_68' title='bbox 1013 871 1199 942; x_wconf 83' lang='lat' dir='ltr'><strong>centurione,</strong></span> 
     </span>
    </p>

    <p class='ocr_par' dir='ltr' id='par_1_6' title="bbox 81 954 1198 1034">
     <span class='ocr_line' id='line_1_10' title="bbox 81 954 1198 1034; baseline 0.001 -19"><span class='ocrx_word' id='word_1_69' title='bbox 81 996 94 1023; x_wconf 83' lang='grc'><strong>,-</strong></span> <span class='ocrx_word' id='word_1_70' title='bbox 124 956 285 1017; x_wconf 81' lang='lat' dir='ltr'><strong>vulnerato</strong></span> <span class='ocrx_word' id='word_1_71' title='bbox 299 956 422 1016; x_wconf 93' lang='lat' dir='ltr'><strong>tribuno</strong></span> <span class='ocrx_word' id='word_1_72' title='bbox 437 954 602 1034; x_wconf 76' lang='lat' dir='ltr'><strong>praetoriae</strong></span> <span class='ocrx_word' id='word_1_73' title='bbox 619 954 762 1025; x_wconf 79' lang='lat' dir='ltr'><strong>cohortis,</strong></span> <span class='ocrx_word' id='word_1_74' title='bbox 787 955 858 1014; x_wconf 92' lang='lat' dir='ltr'><strong>dum</strong></span> <span class='ocrx_word' id='word_1_75' title='bbox 873 954 981 1033; x_wconf 91' lang='lat' dir='ltr'><strong>probra</strong></span> <span class='ocrx_word' id='word_1_76' title='bbox 996 956 1026 1015; x_wconf 94' lang='lat' dir='ltr'><strong>in</strong></span> <span class='ocrx_word' id='word_1_77' title='bbox 1043 955 1198 1032; x_wconf 82' lang='lat' dir='ltr'><strong>magistra-</strong></span> 
     </span>
    </p>

    <p class='ocr_par' dir='ltr' id='par_1_7' title="bbox 81 1038 1200 1125">
     <span class='ocr_line' id='line_1_11' title="bbox 81 1038 1200 1125; baseline -0.002 -24"><span class='ocrx_word' id='word_1_78' title='bbox 81 1067 93 1125; x_wconf 90' lang='lat'><strong>&#39;.</strong></span> <span class='ocrx_word' id='word_1_79' title='bbox 124 1046 177 1101; x_wconf 86' lang='lat' dir='ltr'><strong>tus</strong></span> <span class='ocrx_word' id='word_1_80' title='bbox 189 1047 220 1103; x_wconf 90' lang='lat' dir='ltr'><strong>et</strong></span> <span class='ocrx_word' id='word_1_81' title='bbox 230 1040 448 1103; x_wconf 83' lang='lat' dir='ltr'><strong>dissensionem</strong></span> <span class='ocrx_word' id='word_1_82' title='bbox 461 1039 539 1117; x_wconf 82' lang='lat' dir='ltr'><strong>vulgi</strong></span> <span class='ocrx_word' id='word_1_83' title='bbox 551 1038 721 1117; x_wconf 91' lang='lat' dir='ltr'><strong>probibent.</strong></span> <span class='ocrx_word' id='word_1_84' title='bbox 748 1044 854 1100; x_wconf 76' lang='lat' dir='ltr'><strong>Actum</strong></span> <span class='ocrx_word' id='word_1_85' title='bbox 868 1040 905 1100; x_wconf 90' lang='lat' dir='ltr'><strong>de</strong></span> <span class='ocrx_word' id='word_1_86' title='bbox 917 1059 949 1100; x_wconf 91' lang='lat' dir='ltr'><strong>ea</strong></span> <span class='ocrx_word' id='word_1_87' title='bbox 962 1040 1109 1100; x_wconf 91' lang='lat' dir='ltr'><strong>seditione</strong></span> <span class='ocrx_word' id='word_1_88' title='bbox 1121 1040 1200 1119; x_wconf 91' lang='lat' dir='ltr'><strong>apud</strong></span> 
     </span>
    </p>

    <p class='ocr_par' dir='ltr' id='par_1_8' title="bbox 80 1120 1267 1543">
     <span class='ocr_line' id='line_1_12' title="bbox 80 1120 1200 1215; baseline -0.002 -28"><span class='ocrx_word' id='word_1_89' title='bbox 80 1120 107 1215; x_wconf 52' lang='grc' dir='ltr'><strong>μ</strong></span> <span class='ocrx_word' id='word_1_90' title='bbox 123 1132 236 1205; x_wconf 76' lang='lat' dir='ltr'><strong>patres,</strong></span> <span class='ocrx_word' id='word_1_91' title='bbox 251 1126 487 1203; x_wconf 87' lang='lat' dir='ltr'><strong>dicebanturque</strong></span> <span class='ocrx_word' id='word_1_92' title='bbox 498 1123 676 1196; x_wconf 87' lang='lat' dir='ltr'><strong>sententiae,</strong></span> <span class='ocrx_word' id='word_1_93' title='bbox 693 1131 727 1183; x_wconf 91' lang='lat' dir='ltr'><strong>ut</strong></span> <span class='ocrx_word' id='word_1_94' title='bbox 741 1125 929 1202; x_wconf 90' lang='lat' dir='ltr'><strong>praetoribus</strong></span> <span class='ocrx_word' id='word_1_95' title='bbox 944 1125 989 1184; x_wconf 88' lang='lat' dir='ltr'><strong>ius</strong></span> <span class='ocrx_word' id='word_1_96' title='bbox 1004 1126 1150 1202; x_wconf 81' lang='lat' dir='ltr'><strong>virgarum</strong></span> <span class='ocrx_word' id='word_1_97' title='bbox 1169 1125 1200 1185; x_wconf 94' lang='lat' dir='ltr'><strong>in</strong></span> 
     </span>
     <span class='ocr_line' id='line_1_13' title="bbox 124 1208 1267 1288; baseline -0.002 -17"><span class='ocrx_word' id='word_1_98' title='bbox 124 1210 291 1272; x_wconf 81' lang='lat' dir='ltr'><strong>histriones</strong></span> <span class='ocrx_word' id='word_1_99' title='bbox 317 1218 404 1271; x_wconf 87' lang='lat' dir='ltr'><strong>esset.</strong></span> <span class='ocrx_word' id='word_1_100' title='bbox 441 1208 612 1269; x_wconf 82' lang='lat' dir='ltr'><strong>Intercessit</strong></span> <span class='ocrx_word' id='word_1_101' title='bbox 627 1208 766 1268; x_wconf 90' lang='lat' dir='ltr'><strong>Haterius</strong></span> <span class='ocrx_word' id='word_1_102' title='bbox 781 1209 922 1288; x_wconf 79' lang='lat' dir='ltr'><strong>Agrippa,</strong></span> <span class='ocrx_word' id='word_1_103' title='bbox 938 1209 1077 1269; x_wconf 89' lang='lat' dir='ltr'><strong>tribunus</strong></span> <span class='ocrx_word' id='word_1_104' title='bbox 1093 1209 1199 1287; x_wconf 86' lang='lat' dir='ltr'><strong>plebei,</strong></span> <span class='ocrx_word' id='word_1_105' title='bbox 1263 1270 1267 1284; x_wconf 71' lang='grc'><strong>,</strong></span> 
     </span>
     <span class='ocr_line' id='line_1_14' title="bbox 122 1293 1199 1375; baseline -0.005 -18"><span class='ocrx_word' id='word_1_106' title='bbox 122 1294 353 1375; x_wconf 86' lang='lat' dir='ltr'><strong>increpitusque</strong></span> <span class='ocrx_word' id='word_1_107' title='bbox 364 1304 410 1355; x_wconf 90' lang='lat' dir='ltr'><strong>est</strong></span> <span class='ocrx_word' id='word_1_108' title='bbox 421 1293 514 1354; x_wconf 79' lang='lat' dir='ltr'><strong>Asinii</strong></span> <span class='ocrx_word' id='word_1_109' title='bbox 527 1293 601 1353; x_wconf 88' lang='lat' dir='ltr'><strong>Galli</strong></span> <span class='ocrx_word' id='word_1_110' title='bbox 615 1293 761 1364; x_wconf 91' lang='lat' dir='ltr'><strong>oratione,</strong></span> <span class='ocrx_word' id='word_1_111' title='bbox 777 1294 883 1357; x_wconf 89' lang='lat' dir='ltr'><strong>silente</strong></span> <span class='ocrx_word' id='word_1_112' title='bbox 899 1294 1027 1362; x_wconf 86' lang='lat' dir='ltr'><strong>Tiberio,</strong></span> <span class='ocrx_word' id='word_1_113' title='bbox 1044 1294 1141 1372; x_wconf 91' lang='lat' dir='ltr'><strong>quiea</strong></span> <span class='ocrx_word' id='word_1_114' title='bbox 1157 1294 1199 1354; x_wconf 92' lang='lat' dir='ltr'><strong>si-</strong></span> 
     </span>
     <span class='ocr_line' id='line_1_15' title="bbox 124 1377 1199 1457; baseline -0.003 -16"><span class='ocrx_word' id='word_1_115' title='bbox 124 1380 257 1441; x_wconf 68' lang='lat' dir='ltr'><strong>tumetra</strong></span> <span class='ocrx_word' id='word_1_116' title='bbox 266 1379 410 1441; x_wconf 90' lang='lat' dir='ltr'><strong>libertatis</strong></span> <span class='ocrx_word' id='word_1_117' title='bbox 418 1379 535 1439; x_wconf 88' lang='lat' dir='ltr'><strong>senatui</strong></span> <span class='ocrx_word' id='word_1_118' title='bbox 543 1377 708 1457; x_wconf 88' lang='lat' dir='ltr'><strong>praebebat.</strong></span> <span class='ocrx_word' id='word_1_119' title='bbox 725 1379 1199 1457; x_wconf 87' lang='lat' dir='ltr'><strong>Valuittamenintercessio,quia</strong></span> 
     </span>
     <span class='ocr_line' id='line_1_16' title="bbox 124 1461 1199 1543; baseline -0.002 -19"><span class='ocrx_word' id='word_1_120' title='bbox 124 1463 215 1527; x_wconf 87' lang='lat' dir='ltr'><strong>divus</strong></span> <span class='ocrx_word' id='word_1_121' title='bbox 224 1466 376 1543; x_wconf 78' lang='lat' dir='ltr'><strong>Augustus</strong></span> <span class='ocrx_word' id='word_1_122' title='bbox 391 1464 541 1523; x_wconf 93' lang='lat' dir='ltr'><strong>immunes</strong></span> <span class='ocrx_word' id='word_1_123' title='bbox 557 1461 715 1522; x_wconf 89' lang='lat' dir='ltr'><strong>verberum</strong></span> <span class='ocrx_word' id='word_1_124' title='bbox 727 1463 889 1523; x_wconf 89' lang='lat' dir='ltr'><strong>histriones</strong></span> <span class='ocrx_word' id='word_1_125' title='bbox 906 1464 1057 1541; x_wconf 91' lang='lat' dir='ltr'><strong>quondam</strong></span> <span class='ocrx_word' id='word_1_126' title='bbox 1072 1480 1199 1541; x_wconf 90' lang='lat' dir='ltr'><strong>respon-</strong></span> 
     </span>
    </p>

    <p class='ocr_par' dir='ltr' id='par_1_9' title="bbox 80 1547 1200 1967">
     <span class='ocr_line' id='line_1_17' title="bbox 80 1547 1199 1629; baseline -0.008 -14"><span class='ocrx_word' id='word_1_127' title='bbox 80 1560 107 1615; x_wconf 81' lang='lat' dir='ltr'><strong>u</strong></span> <span class='ocrx_word' id='word_1_128' title='bbox 125 1548 222 1621; x_wconf 87' lang='lat' dir='ltr'><strong>derat,</strong></span> <span class='ocrx_word' id='word_1_129' title='bbox 244 1568 342 1629; x_wconf 90' lang='lat' dir='ltr'><strong>neque</strong></span> <span class='ocrx_word' id='word_1_130' title='bbox 359 1549 402 1608; x_wconf 87' lang='lat' dir='ltr'><strong>fas</strong></span> <span class='ocrx_word' id='word_1_131' title='bbox 420 1548 539 1608; x_wconf 86' lang='lat' dir='ltr'><strong>Tiberio</strong></span> <span class='ocrx_word' id='word_1_132' title='bbox 554 1547 716 1625; x_wconf 80' lang='lat' dir='ltr'><strong>infringere</strong></span> <span class='ocrx_word' id='word_1_133' title='bbox 728 1548 806 1609; x_wconf 91' lang='lat' dir='ltr'><strong>dicta</strong></span> <span class='ocrx_word' id='word_1_134' title='bbox 821 1548 892 1608; x_wconf 87' lang='lat' dir='ltr'><strong>eius.</strong></span> <span class='ocrx_word' id='word_1_135' title='bbox 931 1548 973 1607; x_wconf 79' lang='lat' dir='ltr'><strong>lie</strong></span> <span class='ocrx_word' id='word_1_136' title='bbox 988 1548 1077 1607; x_wconf 93' lang='lat' dir='ltr'><strong>modo</strong></span> <span class='ocrx_word' id='word_1_137' title='bbox 1092 1547 1199 1608; x_wconf 89' lang='lat' dir='ltr'><strong>lucaris</strong></span> 
     </span>
     <span class='ocr_line' id='line_1_18' title="bbox 127 1632 1199 1711; baseline -0.005 -15"><span class='ocrx_word' id='word_1_138' title='bbox 127 1642 160 1697; x_wconf 87' lang='lat' dir='ltr'><strong>et</strong></span> <span class='ocrx_word' id='word_1_139' title='bbox 169 1634 312 1697; x_wconf 86' lang='lat' dir='ltr'><strong>adversus</strong></span> <span class='ocrx_word' id='word_1_140' title='bbox 324 1633 473 1694; x_wconf 83' lang='lat' dir='ltr'><strong>lasciviam</strong></span> <span class='ocrx_word' id='word_1_141' title='bbox 488 1633 639 1692; x_wconf 88' lang='lat' dir='ltr'><strong>fautorum</strong></span> <span class='ocrx_word' id='word_1_142' title='bbox 656 1632 749 1692; x_wconf 90' lang='lat' dir='ltr'><strong>multa</strong></span> <span class='ocrx_word' id='word_1_143' title='bbox 765 1633 984 1703; x_wconf 71' lang='lat' dir='ltr'><strong>decernuntur,</strong></span> <span class='ocrx_word' id='word_1_144' title='bbox 1001 1652 1037 1692; x_wconf 84' lang='lat' dir='ltr'><strong>ex</strong></span> <span class='ocrx_word' id='word_1_145' title='bbox 1052 1633 1118 1711; x_wconf 91' lang='lat' dir='ltr'><strong>quis</strong></span> <span class='ocrx_word' id='word_1_146' title='bbox 1134 1651 1199 1691; x_wconf 89' lang='lat' dir='ltr'><strong>ma·</strong></span> 
     </span>
     <span class='ocr_line' id='line_1_19' title="bbox 126 1714 1200 1795; baseline -0.005 -14"><span class='ocrx_word' id='word_1_147' title='bbox 126 1720 209 1781; x_wconf 86' lang='lat' dir='ltr'><strong>xime</strong></span> <span class='ocrx_word' id='word_1_148' title='bbox 234 1719 371 1795; x_wconf 81' lang='lat' dir='ltr'><strong>insignia,</strong></span> <span class='ocrx_word' id='word_1_149' title='bbox 398 1736 438 1779; x_wconf 91' lang='lat' dir='ltr'><strong>ne</strong></span> <span class='ocrx_word' id='word_1_150' title='bbox 454 1714 558 1777; x_wconf 90' lang='lat' dir='ltr'><strong>domos</strong></span> <span class='ocrx_word' id='word_1_151' title='bbox 575 1716 829 1795; x_wconf 89' lang='lat' dir='ltr'><strong>pantomimorum</strong></span> <span class='ocrx_word' id='word_1_152' title='bbox 844 1726 966 1778; x_wconf 90' lang='lat' dir='ltr'><strong>senator</strong></span> <span class='ocrx_word' id='word_1_153' title='bbox 980 1716 1134 1785; x_wconf 78' lang='lat' dir='ltr'><strong>introiret3</strong></span> <span class='ocrx_word' id='word_1_154' title='bbox 1162 1735 1200 1776; x_wconf 91' lang='lat' dir='ltr'><strong>ne</strong></span> 
     </span>
     <span class='ocr_line' id='line_1_20' title="bbox 127 1801 1200 1883; baseline -0.003 -19"><span class='ocrx_word' id='word_1_155' title='bbox 127 1803 317 1883; x_wconf 72' lang='lat' dir='ltr'><strong>egredientes</strong></span> <span class='ocrx_word' id='word_1_156' title='bbox 328 1803 360 1863; x_wconf 92' lang='lat' dir='ltr'><strong>in</strong></span> <span class='ocrx_word' id='word_1_157' title='bbox 367 1802 519 1881; x_wconf 93' lang='lat' dir='ltr'><strong>publicum</strong></span> <span class='ocrx_word' id='word_1_158' title='bbox 531 1802 646 1879; x_wconf 91' lang='lat' dir='ltr'><strong>equites</strong></span> <span class='ocrx_word' id='word_1_159' title='bbox 654 1801 779 1861; x_wconf 87' lang='lat' dir='ltr'><strong>Romani</strong></span> <span class='ocrx_word' id='word_1_160' title='bbox 793 1803 956 1880; x_wconf 82' lang='lat' dir='ltr'><strong>cingerent,</strong></span> <span class='ocrx_word' id='word_1_161' title='bbox 969 1810 1020 1861; x_wconf 89' lang='lat' dir='ltr'><strong>aut</strong></span> <span class='ocrx_word' id='word_1_162' title='bbox 1029 1801 1096 1861; x_wconf 93' lang='lat' dir='ltr'><strong>alibi</strong></span> <span class='ocrx_word' id='word_1_163' title='bbox 1108 1819 1200 1879; x_wconf 90' lang='lat' dir='ltr'><strong>quam</strong></span> 
     </span>
     <span class='ocr_line' id='line_1_21' title="bbox 125 1886 1197 1967; baseline -0.004 -17"><span class='ocrx_word' id='word_1_164' title='bbox 125 1888 160 1951; x_wconf 90' lang='lat' dir='ltr'><strong>in</strong></span> <span class='ocrx_word' id='word_1_165' title='bbox 170 1888 289 1949; x_wconf 90' lang='lat' dir='ltr'><strong>theatro</strong></span> <span class='ocrx_word' id='word_1_166' title='bbox 300 1895 523 1967; x_wconf 81' lang='lat' dir='ltr'><strong>spectarentur3</strong></span> <span class='ocrx_word' id='word_1_167' title='bbox 538 1895 568 1946; x_wconf 91' lang='lat' dir='ltr'><strong>et</strong></span> <span class='ocrx_word' id='word_1_168' title='bbox 577 1886 778 1964; x_wconf 89' lang='lat' dir='ltr'><strong>spectantium</strong></span> <span class='ocrx_word' id='word_1_169' title='bbox 790 1887 1011 1947; x_wconf 89' lang='lat' dir='ltr'><strong>immodestiam</strong></span> <span class='ocrx_word' id='word_1_170' title='bbox 1021 1886 1107 1946; x_wconf 84' lang='lat' dir='ltr'><strong>exilio</strong></span> <span class='ocrx_word' id='word_1_171' title='bbox 1119 1887 1197 1946; x_wconf 92' lang='lat' dir='ltr'><strong>mul-</strong></span> 
     </span>
    </p>

    <p class='ocr_par' dir='ltr' id='par_1_10' title="bbox 79 1970 670 2053">
     <span class='ocr_line' id='line_1_22' title="bbox 79 1970 670 2053; baseline -0.012 -17"><span class='ocrx_word' id='word_1_172' title='bbox 79 1982 106 2035; x_wconf 81' lang='lat' dir='ltr'><strong>tu</strong></span> <span class='ocrx_word' id='word_1_173' title='bbox 124 1974 209 2035; x_wconf 65' lang='lat' dir='ltr'><strong>nudi</strong></span> <span class='ocrx_word' id='word_1_174' title='bbox 225 1982 356 2053; x_wconf 86' lang='lat' dir='ltr'><strong>potestas</strong></span> <span class='ocrx_word' id='word_1_175' title='bbox 371 1970 561 2051; x_wconf 89' lang='lat' dir='ltr'><strong>praetoribus</strong></span> <span class='ocrx_word' id='word_1_176' title='bbox 577 1972 670 2030; x_wconf 87' lang='lat' dir='ltr'><strong>tieret.</strong></span> 
     </span>
    </p>

    <p class='ocr_par' dir='ltr' id='par_1_11' title="bbox 213 2055 1257 2137">
     <span class='ocr_line' id='line_1_23' title="bbox 213 2055 1257 2137; baseline -0.002 -20"><span class='ocrx_word' id='word_1_177' title='bbox 213 2057 371 2137; x_wconf 89' lang='lat' dir='ltr'><strong>Templum</strong></span> <span class='ocrx_word' id='word_1_178' title='bbox 393 2065 426 2116; x_wconf 93' lang='lat' dir='ltr'><strong>ut</strong></span> <span class='ocrx_word' id='word_1_179' title='bbox 451 2057 483 2117; x_wconf 94' lang='lat' dir='ltr'><strong>in</strong></span> <span class='ocrx_word' id='word_1_180' title='bbox 504 2056 619 2116; x_wconf 87' lang='lat' dir='ltr'><strong>colonia</strong></span> <span class='ocrx_word' id='word_1_181' title='bbox 640 2056 854 2116; x_wconf 84' lang='lat' dir='ltr'><strong>Tarraconensi</strong></span> <span class='ocrx_word' id='word_1_182' title='bbox 876 2063 1042 2115; x_wconf 91' lang='lat' dir='ltr'><strong>strueretur</strong></span> <span class='ocrx_word' id='word_1_183' title='bbox 1057 2055 1199 2130; x_wconf 82' lang='lat' dir='ltr'><strong>Augusto,</strong></span> <span class='ocrx_word' id='word_1_184' title='bbox 1215 2066 1257 2123; x_wconf 71' lang='lat'><strong>78</strong></span> 
     </span>
    </p>
   </div>
   <div class='ocr_carea' id='block_1_4' title="bbox 81 2192 1206 3955">
    <p class='ocr_par' dir='ltr' id='par_1_12' title="bbox 81 2192 1201 2467">
     <span class='ocr_line' id='line_1_24' title="bbox 81 2192 1196 2263; baseline -0.007 -15"><span class='ocrx_word' id='word_1_185' title='bbox 81 2204 86 2213; x_wconf 91' lang='lat'>&#39;</span> <span class='ocrx_word' id='word_1_186' title='bbox 126 2212 254 2263; x_wconf 80' lang='lat' dir='ltr'><strong>pmuc.</strong></span> <span class='ocrx_word' id='word_1_187' title='bbox 268 2194 309 2245; x_wconf 80' lang='lat'><strong>61.</strong></span> <span class='ocrx_word' id='word_1_188' title='bbox 339 2193 436 2244; x_wconf 86' lang='lat' dir='ltr'><strong>Zualii</strong></span> <span class='ocrx_word' id='word_1_189' title='bbox 448 2192 512 2242; x_wconf 83' lang='lat' dir='ltr'><strong>wird</strong></span> <span class='ocrx_word' id='word_1_190' title='bbox 525 2197 636 2243; x_wconf 86' lang='lat' dir='ltr'><strong>austra·</strong></span> <span class='ocrx_word' id='word_1_191' title='bbox 690 2192 807 2256; x_wconf 76' lang='lat' dir='ltr'><strong>firmans,</strong></span> <span class='ocrx_word' id='word_1_192' title='bbox 826 2194 968 2255; x_wconf 76' lang='lat' dir='ltr'><strong>imaginem</strong></span> <span class='ocrx_word' id='word_1_193' title='bbox 980 2193 1145 2256; x_wconf 78' lang='lat' dir='ltr'><strong>antiquitatis</strong></span> <span class='ocrx_word' id='word_1_194' title='bbox 1155 2207 1196 2240; x_wconf 79' lang='lat' dir='ltr'><strong>ce-</strong></span> 
     </span>
     <span class='ocr_line' id='line_1_25' title="bbox 126 2260 917 2325; baseline -0.011 -10"><span class='ocrx_word' id='word_1_195' title='bbox 126 2264 221 2315; x_wconf 69' lang='lat' dir='ltr'><strong>datast</strong></span> <span class='ocrx_word' id='word_1_196' title='bbox 238 2262 278 2312; x_wconf 90' lang='lat' dir='ltr'><strong>ein</strong></span> <span class='ocrx_word' id='word_1_197' title='bbox 297 2262 461 2323; x_wconf 73' lang='lat' dir='ltr'><strong>allgemeines</strong></span> <span class='ocrx_word' id='word_1_198' title='bbox 473 2260 585 2311; x_wconf 74' lang='lat' dir='ltr'><strong>Verbum</strong></span> <span class='ocrx_word' id='word_1_199' title='bbox 598 2261 638 2309; x_wconf 93' lang='lat' dir='ltr'><strong>di·</strong></span> <span class='ocrx_word' id='word_1_200' title='bbox 691 2262 766 2308; x_wconf 71' lang='lat' dir='ltr'><strong>natae·</strong></span> <span class='ocrx_word' id='word_1_201' title='bbox 773 2260 917 2325; x_wconf 80' lang='lat' dir='ltr'><strong>praebebat.</strong></span> 
     </span>
     <span class='ocr_line' id='line_1_26' title="bbox 127 2326 1200 2391; baseline -0.009 -7"><span class='ocrx_word' id='word_1_202' title='bbox 127 2332 203 2383; x_wconf 76' lang='lat' dir='ltr'><strong>condi</strong></span> <span class='ocrx_word' id='word_1_203' title='bbox 224 2331 274 2380; x_wconf 86' lang='lat' dir='ltr'><strong>und</strong></span> <span class='ocrx_word' id='word_1_204' title='bbox 296 2346 341 2380; x_wconf 80' lang='lat' dir='ltr'><strong>aus</strong></span> <span class='ocrx_word' id='word_1_205' title='bbox 358 2331 512 2379; x_wconf 76' lang='lat' dir='ltr'><strong>abstinuerit</strong></span> <span class='ocrx_word' id='word_1_206' title='bbox 529 2328 575 2378; x_wconf 86' lang='lat' dir='ltr'><strong>der</strong></span> <span class='ocrx_word' id='word_1_207' title='bbox 591 2327 637 2379; x_wconf 85' lang='lat' dir='ltr'><strong>ini.</strong></span> <span class='ocrx_word' id='word_1_208' title='bbox 727 2327 766 2375; x_wconf 83' lang='lat'><strong>13.</strong></span> <span class='ocrx_word' id='word_1_209' title='bbox 785 2330 844 2391; x_wconf 87' lang='lat' dir='ltr'><strong>qaia</strong></span> <span class='ocrx_word' id='word_1_210' title='bbox 854 2326 926 2376; x_wconf 82' lang='lat' dir='ltr'><strong>dicas</strong></span> <span class='ocrx_word' id='word_1_211' title='bbox 938 2328 1075 2390; x_wconf 64' lang='lat' dir='ltr'><strong>Arpastas</strong></span> <span class='ocrx_word' id='word_1_212' title='bbox 1093 2342 1117 2374; x_wconf 89' lang='lat' dir='ltr'><strong>u.</strong></span> <span class='ocrx_word' id='word_1_213' title='bbox 1132 2341 1152 2375; x_wconf 82' lang='lat' dir='ltr'><strong>s.</strong></span> <span class='ocrx_word' id='word_1_214' title='bbox 1166 2341 1200 2374; x_wconf 91' lang='lat' dir='ltr'><strong>w.</strong></span> 
     </span>
     <span class='ocr_line' id='line_1_27' title="bbox 127 2392 1201 2467; baseline -0.001 -23"><span class='ocrx_word' id='word_1_215' title='bbox 127 2400 247 2467; x_wconf 57' lang='lat' dir='ltr'><strong>sednon,</strong></span> <span class='ocrx_word' id='word_1_216' title='bbox 690 2392 1201 2457; x_wconf 75' lang='lat' dir='ltr'><strong>Dieserselbstliossindesseinigepeit-</strong></span> 
     </span>
    </p>

    <p class='ocr_par' dir='ltr' id='par_1_13' title="bbox 162 2458 1007 2532">
     <span class='ocr_line' id='line_1_28' title="bbox 162 2458 1007 2532; baseline -0.014 -11"><span class='ocrx_word' id='word_1_217' title='bbox 162 2458 218 2521; x_wconf 77' lang='grc' dir='ltr'><strong>ἿἿ.</strong></span> <span class='ocrx_word' id='word_1_218' title='bbox 227 2466 251 2516; x_wconf 82' lang='grc'><strong>6.</strong></span> <span class='ocrx_word' id='word_1_219' title='bbox 261 2468 382 2532; x_wconf 72' lang='lat' dir='ltr'><strong>proximo</strong></span> <span class='ocrx_word' id='word_1_220' title='bbox 391 2466 486 2531; x_wconf 87' lang='lat' dir='ltr'><strong>priore.</strong></span> <span class='ocrx_word' id='word_1_221' title='bbox 499 2463 557 2526; x_wconf 73' lang='lat' dir='ltr'><strong>b&#39;gl.</strong></span> <span class='ocrx_word' id='word_1_222' title='bbox 566 2464 637 2512; x_wconf 71' lang='lat' dir='ltr'><strong>cit.</strong></span> <span class='ocrx_word' id='word_1_223' title='bbox 692 2463 777 2511; x_wconf 89' lang='lat' dir='ltr'><strong>seben.</strong></span> <span class='ocrx_word' id='word_1_224' title='bbox 803 2462 872 2511; x_wconf 88' lang='lat' dir='ltr'><strong>Suet.</strong></span> <span class='ocrx_word' id='word_1_225' title='bbox 887 2463 951 2524; x_wconf 77' lang='lat' dir='ltr'><strong>Aug.</strong></span> <span class='ocrx_word' id='word_1_226' title='bbox 966 2463 1007 2510; x_wconf 80' lang='lat'><strong>45.</strong></span> 
     </span>
    </p>

    <p class='ocr_par' dir='ltr' id='par_1_14' title="bbox 96 2529 1201 2870">
     <span class='ocr_line' id='line_1_29' title="bbox 96 2529 1200 2596; baseline -0.01 -8"><span class='ocrx_word' id='word_1_227' title='bbox 96 2529 100 2537; x_wconf 77' lang='grc'><strong>’</strong></span> <span class='ocrx_word' id='word_1_228' title='bbox 126 2536 180 2587; x_wconf 78' lang='lat' dir='ltr'><strong>lius</strong></span> <span class='ocrx_word' id='word_1_229' title='bbox 200 2534 283 2585; x_wconf 81' lang='lat' dir='ltr'><strong>letzte</strong></span> <span class='ocrx_word' id='word_1_230' title='bbox 305 2533 385 2585; x_wconf 89' lang='lat' dir='ltr'><strong>Wort</strong></span> <span class='ocrx_word' id='word_1_231' title='bbox 406 2533 443 2582; x_wconf 86' lang='lat' dir='ltr'><strong>ist</strong></span> <span class='ocrx_word' id='word_1_232' title='bbox 464 2531 638 2596; x_wconf 87' lang='lat' dir='ltr'><strong>pleonastisch</strong></span> <span class='ocrx_word' id='word_1_233' title='bbox 729 2531 767 2579; x_wconf 85' lang='lat'><strong>19.</strong></span> <span class='ocrx_word' id='word_1_234' title='bbox 781 2534 813 2578; x_wconf 89' lang='lat' dir='ltr'><strong>et.</strong></span> <span class='ocrx_word' id='word_1_235' title='bbox 828 2530 922 2579; x_wconf 89' lang='lat' dir='ltr'><strong>Hierzu</strong></span> <span class='ocrx_word' id='word_1_236' title='bbox 935 2530 970 2578; x_wconf 89' lang='lat' dir='ltr'><strong>ist</strong></span> <span class='ocrx_word' id='word_1_237' title='bbox 979 2532 1008 2577; x_wconf 82' lang='lat' dir='ltr'><strong>at</strong></span> <span class='ocrx_word' id='word_1_238' title='bbox 1017 2544 1063 2578; x_wconf 86' lang='lat' dir='ltr'><strong>aus</strong></span> <span class='ocrx_word' id='word_1_239' title='bbox 1074 2529 1128 2578; x_wconf 89' lang='lat' dir='ltr'><strong>dem</strong></span> <span class='ocrx_word' id='word_1_240' title='bbox 1139 2543 1200 2577; x_wconf 86' lang='lat' dir='ltr'><strong>vor·</strong></span> 
     </span>
     <span class='ocr_line' id='line_1_30' title="bbox 125 2594 1199 2666; baseline -0.009 -11"><span class='ocrx_word' id='word_1_241' title='bbox 125 2599 309 2666; x_wconf 70' lang='lat' dir='ltr'><strong>binzugeiiigt,</strong></span> <span class='ocrx_word' id='word_1_242' title='bbox 332 2600 433 2651; x_wconf 76' lang='lat' dir='ltr'><strong>obwobl</strong></span> <span class='ocrx_word' id='word_1_243' title='bbox 453 2598 511 2649; x_wconf 83' lang='lat' dir='ltr'><strong>kain</strong></span> <span class='ocrx_word' id='word_1_244' title='bbox 530 2597 637 2647; x_wconf 81' lang='lat' dir='ltr'><strong>Zweiiel</strong></span> <span class='ocrx_word' id='word_1_245' title='bbox 691 2597 867 2660; x_wconf 80' lang='lat' dir='ltr'><strong>bergehenden</strong></span> <span class='ocrx_word' id='word_1_246' title='bbox 887 2613 918 2645; x_wconf 82' lang='lat' dir='ltr'><strong>aa</strong></span> <span class='ocrx_word' id='word_1_247' title='bbox 939 2613 970 2645; x_wconf 86' lang='lat' dir='ltr'><strong>zu</strong></span> <span class='ocrx_word' id='word_1_248' title='bbox 988 2598 1122 2659; x_wconf 74' lang='lat' dir='ltr'><strong>erginzen.</strong></span> <span class='ocrx_word' id='word_1_249' title='bbox 1158 2594 1199 2647; x_wconf 87' lang='lat' dir='ltr'><strong>iil.</strong></span> 
     </span>
     <span class='ocr_line' id='line_1_31' title="bbox 127 2664 1201 2731; baseline -0.011 -6"><span class='ocrx_word' id='word_1_250' title='bbox 127 2672 186 2725; x_wconf 79' lang='lat' dir='ltr'><strong>scin</strong></span> <span class='ocrx_word' id='word_1_251' title='bbox 198 2672 302 2730; x_wconf 79' lang='lat' dir='ltr'><strong>konntc,</strong></span> <span class='ocrx_word' id='word_1_252' title='bbox 314 2670 373 2719; x_wconf 84' lang='lat' dir='ltr'><strong>dass</strong></span> <span class='ocrx_word' id='word_1_253' title='bbox 386 2668 431 2718; x_wconf 84' lang='lat' dir='ltr'><strong>das</strong></span> <span class='ocrx_word' id='word_1_254' title='bbox 443 2667 639 2716; x_wconf 83' lang='lat' dir='ltr'><strong>niichstvorbcr·</strong></span> <span class='ocrx_word' id='word_1_255' title='bbox 693 2668 722 2715; x_wconf 90' lang='grc'><strong>51</strong></span> <span class='ocrx_word' id='word_1_256' title='bbox 748 2664 822 2730; x_wconf 80' lang='lat' dir='ltr'><strong>idque</strong></span> <span class='ocrx_word' id='word_1_257' title='bbox 846 2668 911 2714; x_wconf 77' lang='lat' dir='ltr'><strong>ritae</strong></span> <span class='ocrx_word' id='word_1_258' title='bbox 934 2667 1045 2731; x_wconf 78' lang='lat' dir='ltr'><strong>spatium</strong></span> <span class='ocrx_word' id='word_1_259' title='bbox 1069 2664 1201 2713; x_wconf 74' lang='lat' dir='ltr'><strong>darnnatt‘r</strong></span> 
     </span>
     <span class='ocr_line' id='line_1_32' title="bbox 125 2733 1200 2805; baseline -0.007 -16"><span class='ocrx_word' id='word_1_260' title='bbox 125 2739 257 2805; x_wconf 62' lang='lat' dir='ltr'><strong>pisendo,</strong></span> <span class='ocrx_word' id='word_1_261' title='bbox 278 2736 349 2787; x_wconf 89' lang='lat' dir='ltr'><strong>nicbt</strong></span> <span class='ocrx_word' id='word_1_262' title='bbox 365 2737 411 2785; x_wconf 84' lang='lat' dir='ltr'><strong>das</strong></span> <span class='ocrx_word' id='word_1_263' title='bbox 429 2733 638 2797; x_wconf 71' lang='lat' dir='ltr'><strong>niichstfolgende</strong></span> <span class='ocrx_word' id='word_1_264' title='bbox 688 2737 883 2799; x_wconf 81' lang='lat' dir='ltr'><strong>prorogaretur.</strong></span> <span class='ocrx_word' id='word_1_265' title='bbox 919 2733 950 2781; x_wconf 78' lang='lat' dir='ltr'><strong>ott</strong></span> <span class='ocrx_word' id='word_1_266' title='bbox 981 2733 1056 2797; x_wconf 82' lang='lat' dir='ltr'><strong>idque</strong></span> <span class='ocrx_word' id='word_1_267' title='bbox 1081 2734 1200 2800; x_wconf 82' lang='lat' dir='ltr'><strong>princeps</strong></span> 
     </span>
     <span class='ocr_line' id='line_1_33' title="bbox 125 2798 942 2870; baseline -0.013 -11"><span class='ocrx_word' id='word_1_268' title='bbox 125 2808 192 2859; x_wconf 75' lang='lat' dir='ltr'><strong>taur</strong></span> <span class='ocrx_word' id='word_1_269' title='bbox 203 2806 315 2870; x_wconf 70' lang='lat' dir='ltr'><strong>gamains</strong></span> <span class='ocrx_word' id='word_1_270' title='bbox 327 2804 373 2865; x_wconf 90' lang='lat' dir='ltr'><strong>sei,</strong></span> <span class='ocrx_word' id='word_1_271' title='bbox 390 2803 439 2852; x_wconf 92' lang='lat' dir='ltr'><strong>wie</strong></span> <span class='ocrx_word' id='word_1_272' title='bbox 452 2802 493 2852; x_wconf 93' lang='lat' dir='ltr'><strong>bei</strong></span> <span class='ocrx_word' id='word_1_273' title='bbox 507 2801 559 2850; x_wconf 88' lang='lat' dir='ltr'><strong>Cic.</strong></span> <span class='ocrx_word' id='word_1_274' title='bbox 574 2808 638 2851; x_wconf 87' lang='lat' dir='ltr'><strong>orat.</strong></span> <span class='ocrx_word' id='word_1_275' title='bbox 692 2801 846 2851; x_wconf 85' lang='lat' dir='ltr'><strong>diiudicaret</strong></span> <span class='ocrx_word' id='word_1_276' title='bbox 858 2817 882 2849; x_wconf 92' lang='grc' dir='ltr'><strong>ιι.</strong></span> <span class='ocrx_word' id='word_1_277' title='bbox 897 2798 942 2849; x_wconf 86' lang='lat' dir='ltr'><strong>eit.</strong></span> 
     </span>
    </p>

    <p class='ocr_par' dir='ltr' id='par_1_15' title="bbox 127 2861 1203 3414">
     <span class='ocr_line' id='line_1_34' title="bbox 127 2861 1202 2939; baseline -0.008 -14"><span class='ocrx_word' id='word_1_278' title='bbox 127 2876 174 2939; x_wconf 77' lang='grc'><strong>64,</strong></span> <span class='ocrx_word' id='word_1_279' title='bbox 186 2874 238 2925; x_wconf 78' lang='lat'><strong>216</strong></span> <span class='ocrx_word' id='word_1_280' title='bbox 251 2887 303 2921; x_wconf 82' lang='lat' dir='ltr'><strong>aaa</strong></span> <span class='ocrx_word' id='word_1_281' title='bbox 315 2872 402 2937; x_wconf 83' lang='lat' dir='ltr'><strong>loquor</strong></span> <span class='ocrx_word' id='word_1_282' title='bbox 414 2870 444 2920; x_wconf 86' lang='lat' dir='ltr'><strong>da</strong></span> <span class='ocrx_word' id='word_1_283' title='bbox 455 2885 506 2919; x_wconf 85' lang='lat' dir='ltr'><strong>ano</strong></span> <span class='ocrx_word' id='word_1_284' title='bbox 516 2869 579 2936; x_wconf 87' lang='lat' dir='ltr'><strong>pede</strong></span> <span class='ocrx_word' id='word_1_285' title='bbox 591 2886 638 2919; x_wconf 80' lang='lat' dir='ltr'><strong>ea·-</strong></span> <span class='ocrx_word' id='word_1_286' title='bbox 726 2861 779 2919; x_wconf 80' lang='lat'><strong>78.</strong></span> <span class='ocrx_word' id='word_1_287' title='bbox 798 2870 840 2918; x_wconf 86' lang='lat'><strong>21.</strong></span> <span class='ocrx_word' id='word_1_288' title='bbox 858 2869 992 2917; x_wconf 79' lang='lat' dir='ltr'><strong>incalcata</strong></span> <span class='ocrx_word' id='word_1_289' title='bbox 1004 2864 1202 2929; x_wconf 79' lang='lat' dir='ltr'><strong>Tarraconensi,</strong></span> 
     </span>
     <span class='ocr_line' id='line_1_35' title="bbox 127 2934 1202 3006; baseline -0.007 -14"><span class='ocrx_word' id='word_1_290' title='bbox 127 2948 227 3004; x_wconf 78' lang='lat' dir='ltr'><strong>tremo,·</strong></span> <span class='ocrx_word' id='word_1_291' title='bbox 240 2939 354 3005; x_wconf 76' lang='lat' dir='ltr'><strong>adiungo</strong></span> <span class='ocrx_word' id='word_1_292' title='bbox 361 2940 512 3006; x_wconf 70' lang='lat' dir='ltr'><strong>praeturam</strong></span> <span class='ocrx_word' id='word_1_293' title='bbox 522 2940 639 3003; x_wconf 79' lang='lat' dir='ltr'><strong>superio-</strong></span> <span class='ocrx_word' id='word_1_294' title='bbox 689 2936 756 3000; x_wconf 86' lang='lat' dir='ltr'><strong>jetzt</strong></span> <span class='ocrx_word' id='word_1_295' title='bbox 768 2937 953 2998; x_wconf 79' lang='lat' dir='ltr'><strong>Tarragona</strong></span> <span class='ocrx_word' id='word_1_296' title='bbox 972 2937 998 2984; x_wconf 91' lang='lat' dir='ltr'><strong>iu</strong></span> <span class='ocrx_word' id='word_1_297' title='bbox 1010 2935 1129 2999; x_wconf 87' lang='lat' dir='ltr'><strong>Spanien.</strong></span> <span class='ocrx_word' id='word_1_298' title='bbox 1155 2934 1202 2984; x_wconf 81' lang='lat' dir='ltr'><strong>Ei·</strong></span> 
     </span>
     <span class='ocr_line' id='line_1_36' title="bbox 127 3003 1201 3075; baseline -0.008 -13"><span class='ocrx_word' id='word_1_299' title='bbox 127 3026 195 3074; x_wconf 75' lang='lat' dir='ltr'><strong>rent,</strong></span> <span class='ocrx_word' id='word_1_300' title='bbox 210 3024 287 3075; x_wconf 76' lang='lat' dir='ltr'><strong>saepe</strong></span> <span class='ocrx_word' id='word_1_301' title='bbox 299 3011 376 3057; x_wconf 86' lang='lat' dir='ltr'><strong>etiam</strong></span> <span class='ocrx_word' id='word_1_302' title='bbox 387 3009 504 3065; x_wconf 85' lang='lat' dir='ltr'><strong>tertium,</strong></span> <span class='ocrx_word' id='word_1_303' title='bbox 522 3007 572 3054; x_wconf 89' lang='lat' dir='ltr'><strong>und</strong></span> <span class='ocrx_word' id='word_1_304' title='bbox 586 3021 640 3054; x_wconf 89' lang='lat' dir='ltr'><strong>um·</strong></span> <span class='ocrx_word' id='word_1_305' title='bbox 694 3019 740 3052; x_wconf 91' lang='lat' dir='ltr'><strong>nen</strong></span> <span class='ocrx_word' id='word_1_306' title='bbox 751 3004 826 3055; x_wconf 74' lang='lat' dir='ltr'><strong>Altar</strong></span> <span class='ocrx_word' id='word_1_307' title='bbox 838 3005 909 3054; x_wconf 87' lang='lat' dir='ltr'><strong>batte</strong></span> <span class='ocrx_word' id='word_1_308' title='bbox 920 3005 983 3067; x_wconf 81' lang='lat' dir='ltr'><strong>Aug.</strong></span> <span class='ocrx_word' id='word_1_309' title='bbox 997 3003 1056 3052; x_wconf 89' lang='lat' dir='ltr'><strong>dort</strong></span> <span class='ocrx_word' id='word_1_310' title='bbox 1068 3004 1147 3053; x_wconf 87' lang='lat' dir='ltr'><strong>sehon</strong></span> <span class='ocrx_word' id='word_1_311' title='bbox 1159 3003 1201 3053; x_wconf 89' lang='lat' dir='ltr'><strong>bei</strong></span> 
     </span>
     <span class='ocr_line' id='line_1_37' title="bbox 128 3071 1201 3143; baseline -0.009 -14"><span class='ocrx_word' id='word_1_312' title='bbox 128 3078 239 3143; x_wconf 66' lang='lat' dir='ltr'><strong>gekebrt</strong></span> <span class='ocrx_word' id='word_1_313' title='bbox 254 3075 285 3125; x_wconf 88' lang='lat' dir='ltr'><strong>de</strong></span> <span class='ocrx_word' id='word_1_314' title='bbox 303 3084 355 3126; x_wconf 85' lang='lat' dir='ltr'><strong>nat.</strong></span> <span class='ocrx_word' id='word_1_315' title='bbox 369 3075 438 3125; x_wconf 90' lang='lat' dir='ltr'><strong>deor.</strong></span> <span class='ocrx_word' id='word_1_316' title='bbox 451 3072 479 3122; x_wconf 84' lang='lat'><strong>11.</strong></span> <span class='ocrx_word' id='word_1_317' title='bbox 495 3074 537 3136; x_wconf 86' lang='lat'><strong>20,</strong></span> <span class='ocrx_word' id='word_1_318' title='bbox 550 3073 582 3121; x_wconf 78' lang='lat'><strong>52</strong></span> <span class='ocrx_word' id='word_1_319' title='bbox 595 3073 638 3121; x_wconf 84' lang='lat' dir='ltr'><strong>Ia·</strong></span> <span class='ocrx_word' id='word_1_320' title='bbox 693 3073 781 3122; x_wconf 89' lang='lat' dir='ltr'><strong>seinen</strong></span> <span class='ocrx_word' id='word_1_321' title='bbox 794 3071 941 3121; x_wconf 85' lang='lat' dir='ltr'><strong>Lebzeiten.</strong></span> <span class='ocrx_word' id='word_1_322' title='bbox 966 3071 1052 3136; x_wconf 77' lang='lat' dir='ltr'><strong>Quint.</strong></span> <span class='ocrx_word' id='word_1_323' title='bbox 1065 3071 1106 3122; x_wconf 89' lang='lat' dir='ltr'><strong>Vi.</strong></span> <span class='ocrx_word' id='word_1_324' title='bbox 1126 3071 1148 3134; x_wconf 87' lang='lat'><strong>3,</strong></span> <span class='ocrx_word' id='word_1_325' title='bbox 1169 3072 1201 3120; x_wconf 77' lang='lat'><strong>77</strong></span> 
     </span>
     <span class='ocr_line' id='line_1_38' title="bbox 127 3136 1200 3213; baseline -0.009 -14"><span class='ocrx_word' id='word_1_326' title='bbox 127 3146 179 3213; x_wconf 70' lang='lat' dir='ltr'><strong>fra</strong></span> <span class='ocrx_word' id='word_1_327' title='bbox 196 3146 263 3195; x_wconf 81' lang='lat' dir='ltr'><strong>barre</strong></span> <span class='ocrx_word' id='word_1_328' title='bbox 275 3143 390 3207; x_wconf 83' lang='lat' dir='ltr'><strong>(Saturni</strong></span> <span class='ocrx_word' id='word_1_329' title='bbox 407 3141 519 3203; x_wconf 76' lang='lat' dir='ltr'><strong>stellam)</strong></span> <span class='ocrx_word' id='word_1_330' title='bbox 534 3144 641 3207; x_wconf 83' lang='lat' dir='ltr'><strong>propias</strong></span> <span class='ocrx_word' id='word_1_331' title='bbox 693 3142 832 3204; x_wconf 77' lang='lat' dir='ltr'><strong>Augustas</strong></span> <span class='ocrx_word' id='word_1_332' title='bbox 864 3139 1039 3188; x_wconf 77' lang='lat' dir='ltr'><strong>artritiantibar</strong></span> <span class='ocrx_word' id='word_1_333' title='bbox 1073 3136 1200 3189; x_wconf 86' lang='lat' dir='ltr'><strong>Tarraco-</strong></span> 
     </span>
     <span class='ocr_line' id='line_1_39' title="bbox 129 3206 1202 3275; baseline -0.008 -10"><span class='ocrx_word' id='word_1_334' title='bbox 129 3218 232 3265; x_wconf 76' lang='lat' dir='ltr'><strong>atem</strong></span> <span class='ocrx_word' id='word_1_335' title='bbox 243 3211 312 3261; x_wconf 73' lang='lat' dir='ltr'><strong>lova</strong></span> <span class='ocrx_word' id='word_1_336' title='bbox 328 3210 399 3260; x_wconf 80' lang='lat' dir='ltr'><strong>stelio</strong></span> <span class='ocrx_word' id='word_1_337' title='bbox 404 3211 497 3275; x_wconf 81' lang='lat' dir='ltr'><strong>fertur</strong></span> <span class='ocrx_word' id='word_1_338' title='bbox 510 3238 549 3257; x_wconf 91' lang='lat'><strong>-.</strong></span> <span class='ocrx_word' id='word_1_339' title='bbox 574 3209 641 3257; x_wconf 84' lang='lat' dir='ltr'><strong>Huic</strong></span> <span class='ocrx_word' id='word_1_340' title='bbox 692 3206 1202 3273; x_wconf 80' lang='lat' dir='ltr'><strong>nersibarpaimamiaaraciuseaatane</strong></span> 
     </span>
     <span class='ocr_line' id='line_1_40' title="bbox 129 3278 1200 3347; baseline -0.007 -15"><span class='ocrx_word' id='word_1_341' title='bbox 129 3284 217 3333; x_wconf 76' lang='lat' dir='ltr'><strong>ardent</strong></span> <span class='ocrx_word' id='word_1_342' title='bbox 225 3282 381 3347; x_wconf 62' lang='lat' dir='ltr'><strong>prozimum</strong></span> <span class='ocrx_word' id='word_1_343' title='bbox 392 3279 541 3343; x_wconf 79' lang='lat' dir='ltr'><strong>inferiorem</strong></span> <span class='ocrx_word' id='word_1_344' title='bbox 554 3278 638 3325; x_wconf 88' lang='lat' dir='ltr'><strong>orbem</strong></span> <span class='ocrx_word' id='word_1_345' title='bbox 695 3279 814 3342; x_wconf 87' lang='lat' dir='ltr'><strong>Apparet,</strong></span> <span class='ocrx_word' id='word_1_346' title='bbox 834 3278 924 3339; x_wconf 84' lang='lat' dir='ltr'><strong>inquit,</strong></span> <span class='ocrx_word' id='word_1_347' title='bbox 937 3290 1014 3339; x_wconf 85' lang='lat' dir='ltr'><strong>qaam</strong></span> <span class='ocrx_word' id='word_1_348' title='bbox 1025 3291 1101 3341; x_wconf 81' lang='lat' dir='ltr'><strong>saepe</strong></span> <span class='ocrx_word' id='word_1_349' title='bbox 1112 3290 1200 3325; x_wconf 80' lang='lat' dir='ltr'><strong>accan-</strong></span> 
     </span>
     <span class='ocr_line' id='line_1_41' title="bbox 129 3340 1203 3414; baseline -0.006 -16"><span class='ocrx_word' id='word_1_350' title='bbox 129 3352 200 3401; x_wconf 74' lang='lat' dir='ltr'><strong>imi</strong></span> <span class='ocrx_word' id='word_1_351' title='bbox 214 3340 337 3414; x_wconf 78' lang='grc' dir='ltr'><strong><em>πυρόεις.</em></strong></span> <span class='ocrx_word' id='word_1_352' title='bbox 695 3342 940 3393; x_wconf 84' lang='lat' dir='ltr'><strong>datisundMiinzen</strong></span> <span class='ocrx_word' id='word_1_353' title='bbox 954 3341 1203 3393; x_wconf 65' lang='lat' dir='ltr'><strong>bituminari.</strong></span> 
     </span>
    </p>

    <p class='ocr_par' dir='ltr' id='par_1_16' title="bbox 167 3410 1204 3472">
     <span class='ocr_line' id='line_1_42' title="bbox 167 3410 1204 3472; baseline -0.007 -7"><span class='ocrx_word' id='word_1_354' title='bbox 167 3416 192 3467; x_wconf 73' lang='lat' dir='ltr'><strong>i.</strong></span> <span class='ocrx_word' id='word_1_355' title='bbox 211 3416 290 3465; x_wconf 80' lang='lat' dir='ltr'><strong>attam</strong></span> <span class='ocrx_word' id='word_1_356' title='bbox 303 3415 367 3465; x_wconf 92' lang='lat' dir='ltr'><strong>obne</strong></span> <span class='ocrx_word' id='word_1_357' title='bbox 378 3412 423 3462; x_wconf 78' lang='lat' dir='ltr'><strong>sed</strong></span> <span class='ocrx_word' id='word_1_358' title='bbox 434 3412 482 3462; x_wconf 84' lang='lat' dir='ltr'><strong>wie</strong></span> <span class='ocrx_word' id='word_1_359' title='bbox 495 3411 537 3463; x_wconf 93' lang='lat' dir='ltr'><strong>lV.</strong></span> <span class='ocrx_word' id='word_1_360' title='bbox 552 3413 592 3462; x_wconf 80' lang='lat'><strong>35.</strong></span> <span class='ocrx_word' id='word_1_361' title='bbox 695 3412 737 3461; x_wconf 76' lang='lat'><strong>58.</strong></span> <span class='ocrx_word' id='word_1_362' title='bbox 760 3413 830 3461; x_wconf 86' lang='lat' dir='ltr'><strong>Jctzt</strong></span> <span class='ocrx_word' id='word_1_363' title='bbox 848 3412 913 3459; x_wconf 86' lang='lat' dir='ltr'><strong>wird</strong></span> <span class='ocrx_word' id='word_1_364' title='bbox 926 3411 971 3460; x_wconf 93' lang='lat' dir='ltr'><strong>der</strong></span> <span class='ocrx_word' id='word_1_365' title='bbox 984 3426 1081 3472; x_wconf 77' lang='lat' dir='ltr'><strong>ganzen</strong></span> <span class='ocrx_word' id='word_1_366' title='bbox 1094 3410 1204 3459; x_wconf 86' lang='lat' dir='ltr'><strong>Provinz</strong></span> 
     </span>
    </p>

    <p class='ocr_par' dir='ltr' id='par_1_17' title="bbox 131 3476 1206 3675">
     <span class='ocr_line' id='line_1_43' title="bbox 167 3476 1203 3549; baseline -0.008 -14"><span class='ocrx_word' id='word_1_367' title='bbox 167 3484 192 3535; x_wconf 81' lang='lat'><strong>8.</strong></span> <span class='ocrx_word' id='word_1_368' title='bbox 208 3486 356 3549; x_wconf 82' lang='lat' dir='ltr'><strong>praetoriae</strong></span> <span class='ocrx_word' id='word_1_369' title='bbox 373 3483 488 3531; x_wconf 76' lang='lat' dir='ltr'><strong>cohortis.</strong></span> <span class='ocrx_word' id='word_1_370' title='bbox 523 3478 591 3530; x_wconf 87' lang='lat' dir='ltr'><strong>Xlll.</strong></span> <span class='ocrx_word' id='word_1_371' title='bbox 609 3481 641 3529; x_wconf 81' lang='lat'><strong>24</strong></span> <span class='ocrx_word' id='word_1_372' title='bbox 694 3480 822 3545; x_wconf 78' lang='lat' dir='ltr'><strong>Hispania</strong></span> <span class='ocrx_word' id='word_1_373' title='bbox 842 3476 1040 3528; x_wconf 78' lang='lat' dir='ltr'><strong>Tarraconensis</strong></span> <span class='ocrx_word' id='word_1_374' title='bbox 1054 3478 1203 3539; x_wconf 76' lang='lat' dir='ltr'><strong>(denobiae-</strong></span> 
     </span>
     <span class='ocr_line' id='line_1_44' title="bbox 131 3545 1206 3603; baseline -0.008 0"><span class='ocrx_word' id='word_1_375' title='bbox 131 3550 198 3603; x_wconf 76' lang='lat' dir='ltr'><strong>Fiuo</strong></span> <span class='ocrx_word' id='word_1_376' title='bbox 218 3553 284 3601; x_wconf 84' lang='lat' dir='ltr'><strong>armi</strong></span> <span class='ocrx_word' id='word_1_377' title='bbox 300 3554 376 3599; x_wconf 79' lang='lat' dir='ltr'><strong>statio</strong></span> <span class='ocrx_word' id='word_1_378' title='bbox 396 3550 506 3599; x_wconf 74' lang='lat' dir='ltr'><strong>calcariis</strong></span> <span class='ocrx_word' id='word_1_379' title='bbox 523 3548 643 3598; x_wconf 74' lang='lat' dir='ltr'><strong>adsidere</strong></span> <span class='ocrx_word' id='word_1_380' title='bbox 694 3550 745 3597; x_wconf 86' lang='lat' dir='ltr'><strong>tica</strong></span> <span class='ocrx_word' id='word_1_381' title='bbox 757 3545 1067 3595; x_wconf 79' lang='lat' dir='ltr'><strong>u.Lusibmiawurcubei</strong></span> <span class='ocrx_word' id='word_1_382' title='bbox 1080 3547 1135 3594; x_wconf 90' lang='lat' dir='ltr'><strong>dem</strong></span> <span class='ocrx_word' id='word_1_383' title='bbox 1145 3546 1206 3595; x_wconf 88' lang='lat' dir='ltr'><strong>Cul-</strong></span> 
     </span>
     <span class='ocr_line' id='line_1_45' title="bbox 131 3612 1204 3675; baseline -0.007 -4"><span class='ocrx_word' id='word_1_384' title='bbox 131 3618 288 3671; x_wconf 75' lang='lat' dir='ltr'><strong>ludiaerolita</strong></span> <span class='ocrx_word' id='word_1_385' title='bbox 300 3618 451 3668; x_wconf 83' lang='lat' dir='ltr'><strong>demoratur.</strong></span> <span class='ocrx_word' id='word_1_386' title='bbox 695 3622 738 3664; x_wconf 91' lang='lat' dir='ltr'><strong>tus</strong></span> <span class='ocrx_word' id='word_1_387' title='bbox 767 3615 792 3663; x_wconf 88' lang='lat' dir='ltr'><strong>in</strong></span> <span class='ocrx_word' id='word_1_388' title='bbox 822 3614 935 3663; x_wconf 83' lang='lat' dir='ltr'><strong>Tarraco</strong></span> <span class='ocrx_word' id='word_1_389' title='bbox 966 3612 1037 3662; x_wconf 88' lang='lat' dir='ltr'><strong>nieht</strong></span> <span class='ocrx_word' id='word_1_390' title='bbox 1061 3614 1204 3675; x_wconf 79' lang='lat' dir='ltr'><strong>betheiligt,</strong></span> 
     </span>
    </p>

    <p class='ocr_par' dir='ltr' id='par_1_18' title="bbox 132 3680 1203 3813">
     <span class='ocr_line' id='line_1_46' title="bbox 170 3680 1203 3752; baseline -0.01 -13"><span class='ocrx_word' id='word_1_391' title='bbox 170 3688 210 3739; x_wconf 85' lang='lat'><strong>11.</strong></span> <span class='ocrx_word' id='word_1_392' title='bbox 229 3686 352 3737; x_wconf 78' lang='lat' dir='ltr'><strong>Haterius</strong></span> <span class='ocrx_word' id='word_1_393' title='bbox 367 3688 497 3752; x_wconf 77' lang='lat' dir='ltr'><strong>Agrippa.</strong></span> <span class='ocrx_word' id='word_1_394' title='bbox 510 3684 540 3750; x_wconf 68' lang='lat' dir='ltr'><strong>[S.</strong></span> <span class='ocrx_word' id='word_1_395' title='bbox 554 3683 582 3732; x_wconf 89' lang='lat' dir='ltr'><strong>li.</strong></span> <span class='ocrx_word' id='word_1_396' title='bbox 601 3685 640 3734; x_wconf 84' lang='lat'><strong>51.</strong></span> <span class='ocrx_word' id='word_1_397' title='bbox 695 3683 801 3732; x_wconf 89' lang='lat' dir='ltr'><strong>Hermes</strong></span> <span class='ocrx_word' id='word_1_398' title='bbox 814 3680 830 3730; x_wconf 87' lang='lat'><strong>1.</strong></span> <span class='ocrx_word' id='word_1_399' title='bbox 849 3684 904 3740; x_wconf 72' lang='lat' dir='ltr'><strong>tto)</strong></span> <span class='ocrx_word' id='word_1_400' title='bbox 922 3688 1047 3743; x_wconf 80' lang='lat' dir='ltr'><strong>gcstattet</strong></span> <span class='ocrx_word' id='word_1_401' title='bbox 1059 3682 1117 3730; x_wconf 87' lang='lat' dir='ltr'><strong>dart</strong></span> <span class='ocrx_word' id='word_1_402' title='bbox 1130 3682 1203 3731; x_wconf 89' lang='lat' dir='ltr'><strong>einen</strong></span> 
     </span>
     <span class='ocr_line' id='line_1_47' title="bbox 132 3747 1200 3813; baseline -0.005 -8"><span class='ocrx_word' id='word_1_403' title='bbox 132 3752 175 3805; x_wconf 85' lang='lat' dir='ltr'><strong>nl.</strong></span> <span class='ocrx_word' id='word_1_404' title='bbox 189 3756 232 3805; x_wconf 79' lang='lat'><strong>49.</strong></span> <span class='ocrx_word' id='word_1_405' title='bbox 245 3754 287 3804; x_wconf 77' lang='lat'><strong>52.</strong></span> <span class='ocrx_word' id='word_1_406' title='bbox 300 3753 343 3804; x_wconf 84' lang='lat' dir='ltr'><strong>vl.</strong></span> <span class='ocrx_word' id='word_1_407' title='bbox 357 3755 381 3802; x_wconf 86' lang='grc'><strong>4.</strong></span> <span class='ocrx_word' id='word_1_408' title='bbox 695 3751 881 3813; x_wconf 86' lang='lat' dir='ltr'><strong>gemeinsamon</strong></span> <span class='ocrx_word' id='word_1_409' title='bbox 899 3747 1003 3811; x_wconf 88' lang='lat' dir='ltr'><strong>Tempel</strong></span> <span class='ocrx_word' id='word_1_410' title='bbox 1025 3765 1056 3797; x_wconf 86' lang='lat' dir='ltr'><strong>zu</strong></span> <span class='ocrx_word' id='word_1_411' title='bbox 1079 3750 1200 3811; x_wconf 79' lang='lat' dir='ltr'><strong>griinden.</strong></span> 
     </span>
    </p>

    <p class='ocr_par' dir='ltr' id='par_1_19' title="bbox 133 3816 1205 3955">
     <span class='ocr_line' id='line_1_48' title="bbox 170 3816 1204 3887; baseline -0.006 -14"><span class='ocrx_word' id='word_1_412' title='bbox 170 3822 211 3873; x_wconf 81' lang='lat'><strong>12.</strong></span> <span class='ocrx_word' id='word_1_413' title='bbox 230 3825 275 3887; x_wconf 87' lang='lat' dir='ltr'><strong>qui</strong></span> <span class='ocrx_word' id='word_1_414' title='bbox 290 3838 320 3871; x_wconf 88' lang='lat' dir='ltr'><strong>ea</strong></span> <span class='ocrx_word' id='word_1_415' title='bbox 336 3820 475 3871; x_wconf 74' lang='lat' dir='ltr'><strong>simulacra</strong></span> <span class='ocrx_word' id='word_1_416' title='bbox 487 3836 511 3868; x_wconf 90' lang='lat' dir='ltr'><strong>u.</strong></span> <span class='ocrx_word' id='word_1_417' title='bbox 524 3834 544 3867; x_wconf 88' lang='lat' dir='ltr'><strong>s.</strong></span> <span class='ocrx_word' id='word_1_418' title='bbox 558 3835 590 3867; x_wconf 84' lang='lat' dir='ltr'><strong>w.</strong></span> <span class='ocrx_word' id='word_1_419' title='bbox 603 3816 642 3867; x_wconf 86' lang='grc' dir='ltr'><strong>ΙΙΙ.</strong></span> <span class='ocrx_word' id='word_1_420' title='bbox 696 3820 767 3867; x_wconf 79' lang='lat' dir='ltr'><strong>Aucb</strong></span> <span class='ocrx_word' id='word_1_421' title='bbox 781 3817 866 3866; x_wconf 89' lang='lat' dir='ltr'><strong>soicbe</strong></span> <span class='ocrx_word' id='word_1_422' title='bbox 877 3816 989 3879; x_wconf 83' lang='lat' dir='ltr'><strong>Tcrrspel,</strong></span> <span class='ocrx_word' id='word_1_423' title='bbox 1004 3817 1045 3865; x_wconf 90' lang='lat' dir='ltr'><strong>die</strong></span> <span class='ocrx_word' id='word_1_424' title='bbox 1056 3818 1102 3867; x_wconf 91' lang='lat' dir='ltr'><strong>den</strong></span> <span class='ocrx_word' id='word_1_425' title='bbox 1113 3818 1204 3867; x_wconf 85' lang='lat' dir='ltr'><strong>Cultus</strong></span> 
     </span>
     <span class='ocr_line' id='line_1_49' title="bbox 133 3882 1205 3955; baseline -0.006 -14"><span class='ocrx_word' id='word_1_426' title='bbox 133 3890 169 3941; x_wconf 76' lang='grc'><strong>60</strong></span> <span class='ocrx_word' id='word_1_427' title='bbox 193 3888 325 3953; x_wconf 67' lang='lat' dir='ltr'><strong>marias,</strong></span> <span class='ocrx_word' id='word_1_428' title='bbox 347 3891 398 3939; x_wconf 82' lang='lat' dir='ltr'><strong>uim</strong></span> <span class='ocrx_word' id='word_1_429' title='bbox 414 3889 574 3955; x_wconf 73' lang='lat' dir='ltr'><strong>principatus</strong></span> <span class='ocrx_word' id='word_1_430' title='bbox 594 3887 645 3934; x_wconf 81' lang='lat' dir='ltr'><strong>ribi</strong></span> <span class='ocrx_word' id='word_1_431' title='bbox 697 3882 1205 3949; x_wconf 73' lang='lat' dir='ltr'><strong>ganzerLiinderumiasston,obgesebu</strong></span> 
     </span>
    </p>
   </div>
   <div class='ocr_carea' id='block_1_5' title="bbox 189 3970 1009 4022">
    <p class='ocr_par' dir='ltr' id='par_1_20' title="bbox 189 3970 1009 4022">
     <span class='ocr_line' id='line_1_50' title="bbox 189 3970 1009 4022; baseline -0.02 -6"><span class='ocrx_word' id='word_1_432' title='bbox 189 3970 428 4015; x_wconf 60' lang='lat' dir='ltr'><strong>missiserant.</strong></span> <span class='ocrx_word' id='word_1_433' title='bbox 449 3974 468 4011; x_wconf 85' lang='lat' dir='ltr'><strong>b.</strong></span> <span class='ocrx_word' id='word_1_434' title='bbox 478 3970 536 4011; x_wconf 74' lang='lat' dir='ltr'><strong>nuti,</strong></span> <span class='ocrx_word' id='word_1_435' title='bbox 992 3972 1009 4022; x_wconf 78' lang='grc'><strong>6</strong></span> 
     </span>
    </p>
   </div>
   <div class='ocr_carea' id='block_1_6' title="bbox 0 0 1340 4404">
    <p class='ocr_par' dir='ltr' id='par_1_21' title="bbox 0 0 1340 4404">
     <span class='ocr_line' id='line_1_51' title="bbox 0 0 1340 4404; baseline 0 0"><span class='ocrx_word' id='word_1_436' title='bbox 0 0 1340 4404; x_wconf 95' lang='lat' dir='ltr'><strong> </strong></span> 
     </span>
    </p>
   </div>
  </div>
 </body>
</html>
