2646 4404
126 204 186 268 136
282 198 286 206 '
512 199 831 257 consumendas·
909 187 951 241 f
1065 212 1184 268 assae

123 359 204 421 mani
222 356 351 418 nominis
372 374 434 417 non
453 355 650 417 Athenienses
665 363 710 417 tot
726 354 858 418 cladibus
872 355 1031 428 crunnus,
1045 355 1101 417 sed
1117 372 1185 419 oon·

122 445 229 506 luviem
250 443 328 503 illam
349 443 503 503 nationum
524 441 664 503 comitate
678 441 770 504 nimia
785 440 937 503 coluisset:
952 441 1009 502 hos
1025 440 1109 503 enim
1125 460 1186 506 esse

121 528 297 591 Mithridatis
312 529 453 588 adversus
470 526 592 599 Sullam,
611 526 732 587 Antonii
747 527 887 589 adversus
902 526 1004 589 divum
1019 526 1185 604 Auglustutn

123 615 229 676 socios.
251 613 346 674 Etiam
363 622 462 674 vetera
477 611 652 685 obiectabat,
673 611 795 691 quaein
810 611 984 674 Macedones
999 610 1186 691 inprospere,

70 753 72 756 .
122 701 268 761 violenter
292 697 325 759 in
352 716 423 758 suos
449 698 599 770 fecissent,
613 697 759 758 ,offensus
779 696 846 757 urbi
860 696 981 776 propria
996 715 1124 776 queque
1137 697 1210 770 iret

123 786 192 865 quia
211 784 409 862 Theophilum
431 783 577 862 quendam
600 782 676 843 Areo
696 781 803 844 iudicio
820 781 885 843 falsi
898 782 1075 845 demnatum
1091 781 1185 861 proei-

121 870 179 932 bus
194 869 255 931 suis
270 886 330 929 non
347 870 555 930 concederent.
578 866 663 929 Exim
676 868 862 946 navigatione
873 867 963 930 celeri
977 885 1033 946 per
1048 867 1184 946 Cyclades

123 963 154 1016 et
167 954 341 1033 compendia
356 954 446 1014 maris
461 952 633 1031 adsequitur
647 952 856 1015 Germanicum
870 959 943 1031 aput
955 952 1091 1016 insulam
1108 953 1184 1014 llbe-

122 1041 204 1113 dum,
225 1040 303 1100 haud
324 1039 471 1112 nescium,
492 1038 598 1118 quibus
618 1037 863 1100 insectationibus
881 1037 992 1116 petitus
1014 1038 1116 1099 foret:-
1136 1039 1185 1099 sed

122 1133 205 1187 tanta
227 1124 458 1186 mansuetudine
479 1124 590 1202 egebat,
613 1131 655 1196 ut,
677 1142 745 1185 cum
761 1132 827 1185 orta
842 1130 1006 1202 tempestas
1020 1130 1143 1202 raperet
1154 1123 1186 1186 in
1203 1130 1226 1182 lt

123 1212 247 1290 abrupta
273 1219 432 1289 possetque
459 1209 597 1271 interitus
623 1208 737 1270 inimici
756 1210 792 1269 ed
814 1227 917 1269 casum
939 1208 1058 1281 referri,
1075 1209 1186 1273 snserit

121 1295 263 1367 triremis,
279 1313 404 1374 quarum
419 1294 552 1356 subsidio
567 1294 730 1356 discrimini
751 1294 940 1355 eximeretur.
964 1294 1072 1372 Neque
1088 1302 1186 1358 temen

120 1381 274 1459 mitigatus
290 1381 359 1441 Piso
375 1387 405 1440 et
419 1380 467 1440 vix
482 1379 539 1440 diei
554 1398 669 1442 morem
680 1397 841 1458 perpessus
852 1379 960 1458 linquit
976 1378 1187 1442 Germarncom

121 1465 343 1545 praevenitque.
367 1465 403 1525 Et
415 1472 573 1544 postquam
588 1465 701 1544 Syriam
717 1484 752 1525 ac
762 1464 890 1543 legiones
903 1463 1005 1543 attigit,
1020 1464 1186 1542 largitione,

122 1549 243 1623 ambitu,
265 1551 384 1610 infimos
405 1550 634 1628 manipularium
656 1550 795 1622 iuvando,
817 1568 886 1611 cum
901 1557 1016 1611 veteres
1032 1551 1186 1611 centurio·
1203 1559 1225 1613 u

121 1653 185 1708 nes,
206 1654 326 1696 severos
345 1635 482 1696 tribunos
504 1636 675 1697 demoveret
693 1637 818 1714 locaque
832 1653 934 1697 eorum
952 1634 1110 1696 clientibus
1125 1634 1185 1697 suis

121 1722 166 1781 vel
187 1720 348 1781 deterrimo
369 1720 474 1799 cuique
496 1721 677 1794 attribueret,
699 1720 842 1782 desidiam
856 1719 886 1780 in
904 1719 1018 1793 castris,
1036 1719 1185 1782 licentiam

121 1805 154 1866 in
169 1804 303 1877 urbibus,
318 1823 423 1883 vagum
439 1825 473 1866 ac
487 1806 687 1866 lascivientem
702 1825 757 1884 per
771 1823 855 1884 agros
871 1805 996 1867 militem
1012 1805 1136 1878 sineret,
1152 1823 1185 1866 eo

121 1909 218 1970 usque
233 1890 432 1969 corruptionis
444 1899 600 1969 provectus
613 1900 668 1965 est,
684 1900 717 1952 ut
727 1907 865 1952 sermone
878 1890 956 1967 vulgi
973 1907 1083 1968 parens
1093 1889 1187 1968 legio·

121 1994 195 2037 num
203 1975 369 2036 haberetur.
390 1975 451 2036 Nec
459 1975 596 2037 Plancina
608 1996 640 2038 se
648 1976 843 2038 intra-decora
857 1974 976 2037 leminis
987 1975 1121 2048 tenebat,
1135 1975 1188 2038 sed
1204 1981 1227 2033 tt

123 2059 260 2123 exercitio
277 2061 421 2140 equitum,
441 2061 615 2123 decursibus
636 2061 803 2123 cohortium
819 2061 974 2133 interesse,
995 2060 1031 2121 in
1050 2059 1187 2139 Agrippi·

159 2198 181 2249 1.
199 2197 338 2249 conturbem
355 2198 427 2248 illum
444 2201 496 2247 eut.
511 2197 558 2249 Die
568 2215 627 2248 vor·
678 2198 773 2249 Person
786 2197 894 2262 gedacht
905 2197 972 2248 wir-d
986 2199 1049 2247 nach
1062 2197 1187 2260 Analogia

122 2267 169 2317 her
181 2267 309 2317 erwiihnte
321 2266 520 2329 Vermindernng
532 2267 577 2317 der
587 2268 626 2317 al·
679 2269 722 2317 des
735 2265 926 2330 gewiihnlichen
939 2263 1042 2328 Falles,
1057 2281 1131 2316 wenn
1146 2264 1189 2317 aul

22 2380 24 2383 .
123 2342 166 2384 ten
176 2334 270 2398 Biirger
282 2335 352 2385 hatte
365 2335 426 2384 eben
440 2334 625 2386 dieAufnahme
678 2335 794 2386 mehrere
807 2335 885 2384 durch
897 2334 954 2384 cine
967 2333 1063 2399 Copula
1077 2333 1187 2384 verbun-

121 2403 204 2454 vicler
232 2401 355 2453 Fremden
386 2404 474 2466 nh'thig
503 2405 626 2466 gemacht.
679 2404 742 2454 dene
750 2403 845 2463 Verba,
857 2401 897 2451 die
910 2402 1045 2452 desselben
1053 2401 1133 2453 Casus
1146 2417 1187 2453 re·

121 2469 260 2522 Ueberdies
283 2473 371 2521 hatten
393 2471 434 2520 die
454 2471 568 2522 Athener
587 2473 627 2523 ihr
679 2472 777 2535 gieren,
789 2472 830 2520 cin
843 2469 942 2522 solcher
955 2470 1035 2520 Casus
1047 2469 1127 2535 lolgt,
1141 2471 1187 2522 der

122 2539 289 2602 Biirgerrecht
299 2538 342 2590 hir
354 2537 419 2589 Geld
430 2539 557 2590 verlault.
577 2539 627 2590 De·
680 2557 711 2591 zu
723 2537 791 2589 allen
803 2555 835 2589 zu
847 2539 944 2589 denken
957 2537 1000 2588 ist.

121 2608 211 2658 mosth.
222 2602 462 2672 π.συντάξ.ξ236’.
475 2607 625 2658 ursulus.
716 2606 755 2661 18.
779 2609 882 2659 sineret.
898 2607 924 2656 S.
937 2623 969 2656 zu
981 2603 1023 2658 Vl.
1038 2607 1080 2658 35.

157 2675 181 2725 3.
205 2674 364 2725 Mithridatis
381 2676 414 2726 im
431 2683 516 2726 ersten
524 2676 627 2727 Mithri·
715 2676 757 2725 20.
780 2676 917 2726 baberetur
934 2672 976 2724 lde
1001 2676 1186 2742 perhiberetur.

124 2743 254 2794 datischen
270 2740 364 2806 liricge
386 2745 417 2794 81
440 2761 466 2792 u.
485 2745 517 2795 86
534 2760 559 2795 v.
573 2744 626 2806 Ch,
679 2743 722 2796 lll.
737 2745 767 2795 13
784 2748 814 2794 ut
823 2759 919 2812 parens
936 2742 1065 2808 legionum
1076 2755 1094 2793 e
1105 2742 1189 2794 deter-

122 2813 234 2861 Aetorn'c'
244 2813 271 2861 in
284 2812 329 2862 der
342 2812 461 2862 Schlacht
473 2812 514 2862 bei
526 2812 626 2864 Actium
679 2813 757 2865 rumis
772 2812 950 2880 appellaretur.
980 2811 1080 2862 llbenso
1100 2811 1189 2875 Virgil

125 2880 155 2931 31
169 2894 195 2929 v.
207 2879 251 2929 Ch.
681 2884 743 2932 Aen.
756 2879 812 2931 ΧΠ.
825 2880 916 2931 134Αο
924 2877 989 2929 lurco
1000 2896 1013 2929 e
1025 2888 1134 2944 summo,
1145 2881 1192 2947 qui

157 2947 181 2996 6.
199 2950 269 2997 Areo
293 2947 386 2997 iudicio
418 2955 484 2998 stett
516 2949 560 2998 des
584 2964 628 3012 gc·
680 2964 748 3000 nunc
759 2950 879 2999 Albanus
894 2946 1091 3013 hebetur(Tum
1108 2963 1191 3015 ecque

124 3015 538 3082 wdhnlichenArea'pagiiudicc'o.
551 3016 628 3067 Diesc
681 3034 773 3068 nornen
793 3033 821 3067 er
840 3021 913 3068 ataac
934 3017 1013 3066 Ιιοιιοε
1032 3021 1077 3067 out
1100 3017 1191 3083 gloria

122 3081 199 3132 Form
220 3084 307 3133 Areus
328 3083 399 3141 (oder
419 3085 515 3148 Arius,
536 3086 627 3149 Areos,
680 3087 780 3150 montel,
792 3086 954 3153 Prospiciene
966 3084 1074 3135 tumulo.

122 3150 211 3212 Arios)
221 3166 306 3217 pagus
317 3151 398 3201 haben
411 3151 451 3201 die
464 3151 563 3215 himer,
578 3153 628 3203 wie
715 3155 756 3206 21.
771 3157 923 3205 eumcilc'um
935 3153 984 3202 und
997 3151 1191 3216 600000(Μο-

124 3217 165 3267 die
177 3225 254 3283 guten
268 3217 393 3269 Griechen
408 3216 512 3284 Ἄρειος
530 3212 628 3288 πάγος,
682 3224 770 3284 ndver)
781 3222 835 3273 sind
845 3222 976 3274 derSache
988 3223 1052 3272 nach
1064 3221 1191 3283 dasselbe,

123 3292 187 3336 stets
206 3287 358 3352 gebraucht,
377 3287 447 3336 nicht
465 3290 628 3357 Areopague.
682 3291 765 3342 indens
791 3291 848 3341 hier
871 3297 946 3340 enter
970 3291 1096 3341 letzteren
1125 3290 1193 3340 anch

123 3353 156 3404 So
175 3355 216 3405 die
230 3355 303 3406 lldss.
321 3356 383 3405 oder
401 3356 455 3406 ihre
473 3356 570 3422 Spuren
587 3357 629 3410 bei
682 3358 819 3422 Uehuogcn
832 3358 984 3410 verstanden
997 3359 1109 3411 werden.
1137 3355 1192 3408 Un-

123 3421 174 3476 Cic.
187 3431 239 3474 not.
251 3425 276 3474 d.
288 3423 316 3475 ll.
329 3423 376 3489 20,
391 3424 431 3474 74.
446 3425 475 3474 de
489 3426 541 3476 div.
555 3425 573 3478 l.
588 3426 629 3488 25,
683 3435 726 3478 ten
741 3426 783 3478 lll.
801 3427 832 3478 33
849 3427 932 3478 heisst
942 3441 969 3477 es
985 3443 1036 3478 von
1056 3424 1191 3477 det-selben

123 3492 166 3543 34.
178 3493 233 3544 Act.
251 3491 330 3557 1.14,
353 3494 376 3542 6.
388 3493 472 3544 Varro
485 3493 503 3543 1.
515 3495 534 3545 1.
556 3493 629 3560 vl1§
682 3497 761 3546 Sachc
778 3495 937 3561 praesedisse
958 3510 1041 3562 nuper
1060 3495 1193 3560 [mairam

124 3559 164 3613 19.
178 3561 236 3612 Val.
249 3561 317 3611 Max.
330 3559 359 3610 ll.
372 3562 395 3622 6,
412 3563 436 3612 4.
449 3560 480 3611 V.
494 3561 518 3626 3,
537 3570 589 3613 ext.
604 3563 626 3613 3.
682 3567 801 3616 mundio
813 3565 969 3628 cohortium,
987 3564 1096 3615 decursu
1109 3562 1192 3629 legio·

123 3627 186 3681 Vlll.
206 3633 234 3694 1,
251 3629 315 3680 emb.
330 3630 352 3679 2.
370 3631 428 3681 See.
446 3637 530 3696 tranq.
545 3648 587 3682 an.
605 3631 629 3694 3,
683 3649 754 3684 num.
779 3631 805 3683 ln
824 3633 868 3683 der
880 3632 1006 3682 lctzteren
1019 3631 1101 3682 Stellc
1121 3631 1194 3695 zeigt

126 3696 165 3760 ts,
178 3697 245 3748 Plio.
257 3698 281 3748 h.
292 3714 315 3748 n.
328 3697 373 3748 Vll
396 3699 436 3762 56,
450 3697 506 3748 200.
683 3702 728 3751 der
741 3699 886 3766 Gegcasetz
897 3717 947 3751 von
966 3700 1110 3766 temanum,
1129 3700 1191 3750 dass

161 3767 199 3816 10.
231 3770 333 3833 reperet
352 3769 379 3816 ie
399 3767 508 3833 abrupta
528 3766 630 3817 bezieht
683 3769 729 3819 mit
753 3771 894 3821 codonium
915 3785 964 3818 nur
985 3769 1025 3818 die
1046 3768 1192 3830 Bundcsge-

124 3832 180 3883 sich
192 3850 240 3883 nur
252 3833 298 3884 aul
306 3834 375 3899 Piso,
388 3835 471 3886 indem
484 3836 561 3886 sehon
573 3835 630 3885 hier
689 3852 784 3898 tossen,
797 3840 822 3888 in
836 3839 882 3888 der
888 3843 987 3888 erstern
1001 3836 1047 3886 der
1059 3852 1109 3886 von
1121 3839 1192 3903 equi·

122 3900 166 3951 die
176 3901 286 3952 hernach
298 3903 346 3954 mit
354 3905 455 3952 ineam·
465 3903 625 3955 bersich-ete
683 3922 749 3955 um.
765 3908 824 3954 dass
837 3905 915 3957 tamir
925 3904 977 3956 elle
990 3904 1061 3950 nahe
1075 3911 1131 3954 “em
1150 3921 1194 3957 so·
