2646 4404
95 246 131 301 m
258 234 302 285 nu
317 232 555 287 excessuum
573 232 754 287 sucosam.
773 236 884 287 ra-ro.
1032 238 1073 300 27

95 405 156 451 nou
175 408 229 471 per
249 388 426 451 seditionem
450 396 480 449 et
494 390 597 450 turbas
612 389 757 451 desideria
771 389 900 451 militum
916 391 952 451 ad
968 391 1074 453 Caesa-

95 472 214 539 lereuda
233 474 285 548 ait,
308 492 405 553 neque
419 481 533 536 veteres
555 475 591 534 ab
613 475 842 553 imperatoribus
857 477 960 555 priscis
976 494 1072 554 neque

106 576 125 619 a
146 559 212 622 divo
233 560 365 639 Augusto
385 568 447 621 tam
469 578 544 620 nova
559 560 709 641 petivisse,
727 570 756 620 et
771 579 875 639 parum
891 562 920 621 iu
936 571 1072 641 tempore

95 652 182 707 sums
203 645 346 725 principis
367 664 452 706 curas
468 646 594 705 onerari.
619 645 650 705 Si
665 655 763 706 tamen
780 648 939 708 tenderent
954 647 985 706 iu
1001 666 1073 726 pace

95 736 168 803 tare,
184 749 260 812 quae
272 749 311 791 ne
322 731 451 792 civilium
464 730 583 809 quidem
600 730 744 791 bellorum
761 731 886 793 victores
903 734 1072 811 expostula-

95 822 113 887 t,
136 834 189 877 our
209 825 312 879 eontra
335 834 448 876 morem
471 816 614 894 obsequii,
637 825 739 876 eontra
759 816 804 876 ias
825 817 996 896 discipliuae
1013 818 1072 878 vim

95 898 213 963 entur?
235 902 435 962 Decernereut
456 901 566 979 legatos
582 920 673 980 seque
691 920 790 961 coram
805 903 941 963 mandata
957 903 1071 963 darent.

95 1004 223 1057 masere,
243 994 277 1046 ut
296 986 372 1047 filius
392 986 486 1047 Blaesi
508 986 646 1046 tribunus
665 987 811 1064 legatione
838 1007 872 1047 ea
898 988 1073 1066 iungeretur

95 1078 181 1151 atque
203 1072 346 1133 militibus
368 1072 538 1132 missionem
562 1070 597 1132 ab
613 1072 743 1132 sedecim
759 1072 858 1133 annis:
875 1081 971 1135 cetera
986 1090 1072 1133 man-

96 1157 199 1229 eseli
211 1157 306 1237 prima
317 1158 532 1237 provenissent.
556 1158 1073 1230 Protectoiuveuemodieumotium3

95 1243 237 1323 uperbire
252 1243 347 1315 miles,
365 1243 444 1322 quod
462 1243 541 1303 filius
553 1242 637 1321 legati
650 1251 749 1303 orator
760 1243 892 1321 publicae
906 1263 1011 1304 causae
1025 1263 1073 1305 sa-

95 1327 231 1389 tenderet
239 1329 415 1390 necessitate
427 1346 576 1406 expressa,
589 1346 664 1407 quae
677 1346 729 1406 per
745 1328 923 1389 modestiam
939 1347 1002 1389 nou
1018 1329 1072 1389 ob-

95 1421 179 1475 sent.

95 1498 210 1561 [nterea
221 1497 363 1576 manipuli
375 1505 443 1559 ante
455 1506 590 1576 coeptam
602 1498 778 1558 seditionem
791 1498 977 1577 Nauportum
989 1498 1072 1559 missi
1086 1503 1129 1556 20

96 1602 170 1645 uera
185 1591 215 1644 et
229 1591 336 1662 pontes
351 1591 382 1643 et
397 1583 468 1643 alios
484 1601 566 1655 usus,
582 1591 741 1662 postquam
756 1585 907 1644 turbatum
922 1585 954 1645 iu
969 1584 1071 1644 castris

95 1686 159 1741 ere,
177 1669 278 1730 vexilla
299 1669 467 1729 convellunt
496 1669 675 1747 direptisque
698 1668 838 1746 proximis
859 1669 928 1730 vicis
948 1669 1072 1748 ipsoque

95 1762 171 1827 orto,
186 1755 265 1833 quod
280 1754 436 1832 municipii
450 1754 544 1814 instar
559 1761 631 1820 erat,
646 1753 802 1814 retinentis
818 1755 1007 1814 centuriones
1022 1755 1072 1814 in-

95 1846 116 1900 st
129 1838 327 1909 contumeliis,
347 1848 498 1917 postremo
519 1839 690 1900 verberibus
705 1839 898 1911 insectantm·‚
913 1839 1072 1918 praecipua

95 1924 242 1987 dldienum
265 1924 387 1995 Rufum,
402 1924 585 2002 praefectum
601 1932 774 1994 castrorum,
790 1925 841 1997 ira,
858 1943 948 2004 quem
964 1926 1072 2004 derep-

112 2096 138 2147 4.
156 2110 235 2145 meros
252 2098 360 2145 orsmari.
393 2095 422 2144 Η.
437 2094 466 2144 11.
481 2096 513 2144 52
567 2096 663 2148 XXIV.
684 2097 725 2159 33,
747 2098 770 2146 6.
807 2096 890 2147 Ueher
910 2097 1072 2149 decernerent

95 2163 444 2283 pstetpavmtiumourasordo
454 2162 513 2214 Mu·
567 2166 618 2213 uod
629 2165 720 2215 darent
733 2182 753 2215 s.
767 2166 872 2228 Madvig
884 2164 899 2229 ξ
913 2169 972 2215 sol.

602 2236 625 2283 5.
645 2233 813 2300 expostulare.
844 2234 1012 2283 Verstiirktes
1025 2250 1072 2301 po-

95 2298 171 2353 lemi
181 2326 216 2336 -
226 2297 391 2350 nedttenter.
412 2298 438 2349 lu
453 2298 513 2348 util-
567 2299 664 2351 stulare
678 2303 741 2351 uach
753 2302 806 2351 dem
814 2302 947 2352 Gebrauch
957 2303 1002 2351 der
1012 2317 1072 2350 vor-

95 2384 118 2420 ro
131 2368 229 2419 sowolll
241 2369 287 2417 der
300 2367 453 2429 Conjunotiv
465 2367 513 2417 lm·
568 2369 758 2419 ciceronischen
777 2370 827 2418 und
845 2367 990 2419 lisiserzeit
1007 2372 1071 2420 noch

95 2437 116 2489 ti
148 2436 188 2488 els
220 2436 367 2486 Praesentis
400 2436 514 2499 zuliissig
568 2435 1071 2489 eraut.14.x11.4o.xv.17.53.

95 2506 128 2557 tet
139 2504 274 2556 bisweileu
286 2504 320 2554 im
333 2503 513 2554 Lateiuisehen
568 2504 597 2553 ll.
611 2504 629 2555 l.
643 2506 683 2555 82.
698 2504 736 2555 lll.
750 2506 791 2556 83.

95 2574 174 2625 uder-
189 2572 240 2622 uud
255 2572 382 2623 Nachsatz
398 2573 514 2635 gewech-
603 2575 626 2623 S.
644 2573 720 2637 filius
730 2574 825 2624 Blaesi.
849 2573 874 2624 S.
888 2592 909 2623 e.
923 2574 963 2623 29.
976 2572 1016 2624 lll.
1031 2576 1070 2623 74.

95 2638 355 2702 consentite,
383 2640 514 2690 acescere
569 2641 665 2693 Viso.

95 2712 158 2775 ursit,
174 2724 222 2775 quo
233 2709 349 2774 facilius,
366 2711 390 2757 si
400 2725 428 2758 se
439 2711 514 2758 invito
605 2712 642 2759 lo.
661 2711 705 2759 odi
723 2712 810 2776 prime
819 2713 1001 2776 provenissent.
1028 2710 1071 2761 lv.

95 2792 122 2829 re
138 2782 295 2841 conarentur,
310 2777 443 2844 prodidere
453 2792 514 2842 pos·
570 2779 600 2830 12
618 2781 676 2843 quta
691 2781 775 2843 primo
792 2783 965 2843 provenerant.
996 2779 1026 2828 H.
1042 2778 1070 2828 ll.

95 2846 132 2897 rll.
144 2843 196 2911 lug.
210 2846 252 2910 46,
261 2847 276 2894 4
285 2846 368 2896 molta
378 2844 514 2910 pollicendo
569 2847 601 2897 20
613 2851 643 2896 ut
655 2849 730 2895 initio
743 2846 800 2895 delle·
808 2849 991 2912 provenissent.

95 2913 155 2978 rdet,
172 2913 381 2978 peragentem
399 2917 515 2962 nraoeima
605 2914 928 2979 ll.·fitiuslegatiorator
949 2932 973 2964 u.
995 2930 1016 2964 s.
1037 2932 1071 2966 w.

95 3018 101 3047 ,
117 2984 159 3033 sin
173 2981 203 3032 id
214 2997 308 3049 parum
325 2981 452 3049 procedat,
470 2998 513 3030 rre-
567 2983 622 3032 ‘der
631 2982 760 3046 Umstaud‚
772 2984 830 3033 dass
841 3011 874 3019 -
885 2982 1071 3034 Uuterhiiudler

115 3052 168 3103 cidi
186 3049 328 3101 truderent.
366 3049 465 3099 Ebeuso
488 3051 513 3098 iu
568 3051 641 3102 wur'.
665 3050 691 3100 S.
704 3068 735 3099 zu
748 3050 786 3100 lll.
801 3052 823 3101 9.

95 3118 274 3171 soordiuierten
287 3118 378 3168 Siteon
392 3119 432 3169 bei
441 3118 515 3167 Taci—
601 3113 654 3168 20.
674 3121 713 3170 14.
725 3118 895 3185 Nauportum,
909 3127 1072 3172 etwaswest-

95 3186 160 3239 .lV.
179 3188 212 3237 20
231 3186 262 3237 Si
280 3202 351 3236 nemo
373 3188 511 3249 adsisteret,
568 3189 619 3238 lich
632 3205 680 3237 von
693 3187 812 3254 Laybuch
824 3188 851 3236 in
862 3184 952 3237 lireio.

95 3258 148 3307 dem
167 3259 216 3307 iter
228 3256 306 3320 serm·
323 3257 362 3304 sta
379 3270 456 3304 amno
472 3271 514 3304 oc·
604 3257 642 3307 17.
662 3258 798 3322 municipii
809 3257 899 3318 instes,
917 3257 988 3306 nieht
1000 3255 1070 3306 bloss

95 3328 126 3387 sl,
152 3325 455 3375 momminoenteros.
482 3324 512 3371 75
567 3324 660 3391 oppidi,
681 3324 740 3373 weil
760 3325 995 3387 rdmisehelliirger
1013 3325 1071 3375 dort

140 3393 307 3459 ‘irnpert'esm
322 3391 463 3442 Galliarum
475 3407 514 3440 ve·
568 3394 692 3442 wohnteu.
730 3393 758 3441 ll.
778 3392 793 3441 l.
814 3392 844 3440 67
863 3392 977 3459 direptus
994 3390 1070 3456 longe

95 3476 134 3513 ros
147 3460 242 3527 finibus
253 3462 395 3510 ciuitatium
406 3475 515 3509 suornm
565 3477 627 3528 pure
638 3464 665 3510 ire
676 3460 778 3510 modum
791 3463 926 3526 nereoioipe'r'
936 3464 1071 3510 estrumm

95 3534 150 3591 ωας
166 3530 191 3578 ri
202 3527 330 3596 proelium
340 3527 432 3589 retaliet,
443 3544 474 3577 ne
486 3527 514 3577 ot
565 3529 641 3579 loeus.
677 3527 717 3579 lv.
736 3529 769 3577 22
785 3531 906 3580 subversa
923 3529 1012 3593 longae
1024 3543 1071 3593 po-

95 3597 242 3647 uadnuere.
267 3597 297 3646 sl
315 3598 374 3647 tete
392 3611 441 3645 raon
453 3612 512 3645 eoee-
566 3596 864 3664 etsoperalseetproeul
876 3599 1071 3646 castraserras-

95 3666 141 3716 rim
160 3664 263 3715 luminis
280 3668 304 3713 st
319 3664 468 3725 redituram,
490 3667 515 3713 si
566 3666 627 3716 dum
638 3668 774 3731 municipii
784 3669 912 3716 astructa.

95 3734 311 3793 messenum
326 3733 366 3783 dtr
375 3733 473 3798 elapsos
485 3735 512 3781 in
602 3736 641 3787 19.
672 3733 806 3800 dereptum
845 3731 963 3782 rediculo.
1019 3732 1070 3782 Der

95 3816 118 3853 Ιι
129 3805 213 3867 artus,
230 3803 255 3850 si
266 3800 378 3851 salubris
390 3804 427 3851 vis
439 3801 512 3850 eddi-
565 3803 650 3852 blosse
664 3802 767 3851 Ablatir
785 3803 847 3850 uach
867 3802 922 3850 dem
935 3801 1070 3864 Vorgange

95 3869 512 3991 :.·.naa‘tut...tmul
565 3870 744 4005 lallare
758 3868 1071 4005 alala.a.⁰sr.t;
