2646 4404
151 280 177 320 p,
192 266 233 311 cu,
248 273 283 321 tt)
404 257 446 307 AB
463 254 615 308 EXCBSSU
632 254 699 310 BlVl
720 255 863 309 AUGUSTI
876 255 917 310 lv.
932 255 973 307 ³4.
987 257 1028 308 35.
1166 255 1227 318 273

154 409 312 491 epistulae,
328 410 412 472 Bruti
427 410 583 471 contiones
598 409 670 471 lalsa
684 410 804 490 quidem
819 411 852 471 in
866 410 1033 488 Augustum
1049 409 1169 489 probra,
1184 417 1230 470 set

154 494 253 557 multa
268 514 337 557 curn
352 496 515 557 acerbitate
530 494 655 568 habent,
669 496 801 556 carmina
813 495 943 556 Bibaculi
959 502 989 555 ct
1000 494 1105 555 Catulli
1121 494 1229 555 rotoma

154 580 349 642 contumeliis
361 581 521 643 Caesarum
531 581 685 658 leguntur:
702 581 754 641 sed
770 581 834 660 ipse
849 580 935 641 divus
946 580 1048 652 lulius,
1068 580 1133 658 ipse
1145 578 1229 639 dirus

153 666 308 745 Augustus
324 674 354 727 et
368 667 462 727 tulere
477 665 534 727 ista
546 673 576 725 et
587 665 745 745 reliquere,
758 665 838 726 haud
851 665 934 727 facilc
946 664 1080 736 dixerim,
1091 664 1229 725 modera-

112 754 131 807 5
152 750 240 813 tione
256 750 350 829 magis
361 770 400 812 an
412 751 567 830 sapientia.
592 750 726 830 Namque
738 757 837 830 spreta
849 751 1039 813 exolescunt:
1054 749 1080 810 sl
1091 749 1228 820 irascare,

151 835 275 914 adgnita
296 835 444 896 videntur.
478 836 544 896 Non
568 835 682 914 attingo
696 835 838 904 Graecos,
862 853 991 915 quorum
1006 853 1070 896 non
1086 834 1174 895 modo
1190 832 1227 894 li·
1242 844 1282 899 :35

151 918 265 994 bertas,
288 921 376 981 etiam
392 921 483 981 libido
506 919 667 1000 impunita3
689 928 741 981 aut
762 921 787 981 si
802 920 870 999 quis
886 919 1020 991 advertit,
1044 920 1129 980 dictis
1151 918 1227 979 dicta

150 1006 237 1067 ultus
253 1013 308 1067 est.
331 1005 390 1066 Sed
406 1006 534 1067 maxime
549 1006 681 1066 solutum
697 1013 728 1066 et
742 1007 806 1066 sine
821 1005 1019 1066 obtrectatore
1031 1004 1087 1064 fuit
1100 1005 1227 1083 prodere

151 1090 193 1152 de
207 1089 255 1162 iis,
271 1109 347 1171 quos
362 1108 443 1152 mors
460 1091 529 1151 odio
545 1098 596 1151 aut
612 1090 725 1168 gratiae
740 1090 907 1150 exemisset.
938 1088 1016 1150 Num
1031 1090 1113 1150 enim
1129 1106 1228 1150 arma·
1309 1122 1311 1126 ·

105 1178 130 1229 ll
150 1175 195 1237 tis
217 1175 318 1237 Cassio
341 1183 370 1236 et
392 1175 485 1236 Bruto
507 1195 540 1236 ac
563 1175 764 1255 Philippenses
791 1193 910 1253 campos
934 1174 1137 1235 obtinentibus
1159 1172 1228 1235 belli

151 1258 255 1321 civilis
264 1279 351 1322 causa
370 1261 515 1340 populum
536 1279 591 1340 per
612 1260 770 1320 contiones
792 1256 947 1320 incendo?
974 1260 1020 1319 An
1041 1258 1082 1318 illi
1106 1258 1227 1338 quidem

150 1345 409 1427 septuagesimum
425 1353 495 1406 ante
509 1362 623 1406 annum
636 1343 795 1426 perempti,
812 1344 963 1423 quomodo
975 1342 1154 1423 imaginibus
1166 1341 1229 1402 suis

150 1439 331 1503 noscuntur,
348 1449 420 1510 quas
435 1449 475 1492 ne
491 1430 584 1491 victor
599 1429 720 1508 quidem
733 1429 869 1502 abolevit,
885 1429 929 1489 sic
939 1437 1056 1507 partem
1067 1427 1229 1491 memoriae

151 1515 235 1594 apud
249 1515 411 1594 scriptores
426 1512 585 1576 retinent?
612 1515 706 1575 Suum
722 1515 829 1594 cuique
846 1514 936 1575 decus
946 1513 1106 1593 posteritas
1121 1530 1230 1592 repen-

105 1596 130 1647 lb
151 1599 213 1673 dit3
237 1616 293 1660 nec
308 1601 444 1672 deerunt,
466 1599 489 1660 si
511 1601 661 1660 damnatio
682 1600 804 1679 ingruit,
827 1599 961 1677 quinon
980 1599 1069 1659 modo
1086 1598 1178 1658 Cassii
1200 1604 1230 1657 et

151 1683 249 1759 Bruti,
273 1693 320 1746 set
335 1685 425 1746 etiam
441 1686 500 1746 mei
517 1685 719 1746 meminerint.
754 1685 902 1763 Egressus
925 1683 995 1744 dein
1017 1690 1123 1744 senatu
1138 1681 1229 1743 vitam

152 1768 336 1832 abstinentia
345 1770 450 1831 finivit.
467 1769 574 1830 Libros
586 1787 640 1849 per
654 1769 764 1830 aediles
777 1769 952 1830 cremandos
965 1775 1230 1846 censuercpatrcs3

151 1861 203 1915 set
224 1862 409 1928 manserunt,
431 1856 568 1917 occultati
593 1863 624 1916 ct
649 1854 729 1916 editi.
753 1854 819 1926 Quo
835 1853 929 1932 magis
943 1853 1109 1914 socordiam
1124 1870 1227 1912 corum

187 1991 214 2043 4.
231 1989 352 2042 Bibaculi
361 1995 387 2042 ct
400 1991 498 2043 Catulli.
530 1991 617 2056 Quint.
629 1990 664 2042 X.
720 1994 744 2041 cl
757 1993 909 2055 maturimae,
921 1987 960 2040 lll.
976 1989 1065 2039 tsnon
1074 1987 1149 2038 modo
1157 1987 1228 2054 apud

153 2063 177 2124 1,
196 2058 231 2111 ild
247 2059 354 2111 lanum
370 2074 420 2110 aon
432 2056 498 2110 'sanc
514 2076 533 2110 a
544 2059 666 2110 Bouiania
718 2057 776 2109 illos
787 2060 915 2120 bmnium,
933 2060 1012 2108 ctiam
1023 2058 1116 2107 caudis
1131 2059 1229 2122 tempo·

150 2124 293 2181 meum
320 2131 360 2178 est
382 2132 413 2177 ut
434 2131 570 2195 proprium
593 2143 665 2194 opas,
718 2128 799 2178 aidus.
829 2126 859 2177 ll.
878 2125 957 2176 1121
982 2141 1028 2175 acc
1052 2124 1134 2174 solum
1157 2121 1229 2188 apud

314 2198 665 2263 interpositumcuiusaccr-
723 2195 871 2245 Caecinam:
896 2193 974 2244 Fabii
998 2208 1093 2257 quoque
1112 2191 1228 2243 Valentis

153 2265 224 2315 litat
240 2267 269 2315 tic
287 2263 539 2325 cummunicato.
564 2263 665 2314 Diome·
720 2266 804 2329 copiae
824 2278 848 2312 u.
866 2278 887 2312 s.
901 2276 932 2311 w.
962 2259 991 2311 G.
1018 2263 1049 2312 10
1073 2275 1124 2309 non
1144 2258 1227 2308 sobam

153 2333 201 2385 das
211 2346 244 2413 p..
251 2332 302 2383 482
314 2332 341 2382 P.
351 2334 426 2383 maius
435 2335 560 2383 carminis
568 2331 664 2395 (iambi)
719 2330 791 2397 apud
798 2329 913 2394 plebeam·
930 2327 999 2396 apud
1007 2341 1143 2408 proceres,
1154 2325 1227 2394 apud

148 2400 665 2534 wt‘tibtttlttttttt
718 2395 1225 2529 tttltsllttlilittttt

151 2534 664 2601 Mondaavonssatullschicbtengebb'·
718 2534 776 2598 liigt
791 2533 833 2587 lv.
847 2535 889 2584 54.
907 2533 938 2586 V.
952 2533 977 2582 3.
994 2532 1025 2582 Η.
1040 2536 1061 2584 1.
1075 2531 1117 2581 29.
1135 2531 1176 2580 83.
1194 2528 1224 2580 ll.

150 2604 663 2668 mhicrlrerillundbtvffl.Suct.Cacs.
718 2603 742 2652 3.
766 2603 806 2654 12.
836 2600 876 2652 lll.
899 2603 923 2651 3.
948 2598 992 2652 lV.
1013 2601 1055 2651 41.
1068 2599 1110 2651 58.
1135 2599 1165 2648 Α.
1182 2598 1223 2648 31.

152 2672 196 2723 ta.
234 2671 271 2722 Bc
282 2673 354 2723 surb
366 2688 415 2723 vor
427 2672 520 2735 Ciisar,
533 2673 566 2723 46
578 2689 603 2724 v.
618 2671 663 2722 Cb.
718 2670 801 2722 Ucbcr
813 2669 921 2720 advertit
932 2685 964 2718 zu
979 2667 1008 2718 ll.
1022 2668 1062 2718 32.

153 2738 245 2803 Gom
268 2739 400 2804 Angustus
424 2741 519 2803 (dieser
542 2742 592 2790 und
616 2742 664 2790 dcr
755 2740 794 2788 11.
811 2737 851 2788 illi
862 2737 963 2802 quadem
981 2736 1028 2786 ‘sic
1040 2733 1081 2784 fiir
1092 2735 1148 2784 ihre
1161 2732 1225 2783 Per·

152 2808 274 2860 emmor
299 2809 356 2859 sind
380 2809 421 2858 dic
443 2808 573 2872 Caesares)
597 2808 663 2858 kann
718 2807 783 2869 sou',
801 2806 835 2855 ‘in
848 2804 1043 2856 Wirklichlrcit’
1061 2805 1129 2852 stcbt
1141 2801 1168 2851 in
1181 2800 1226 2850 Bc-

152 2876 213 2929 nlso
231 2892 280 2927 ιιιι·
295 2874 329 2928 ll.
345 2876 442 2928 Furias
461 2876 599 2927 Bibaculus
620 2891 664 2940 gc·
717 2890 767 2938 ang
784 2873 830 2925 cul
841 2876 967 2940 percanpti
981 2873 1015 2923 im
1034 2869 1178 2935 Gcgensata
1193 2883 1226 2917 zu

152 2944 290 2997 ieiumi
310 2945 405 3007 haben,
427 2948 491 2996 nach
514 2946 619 2995 Hieron.
632 2945 664 2993 99
718 2944 791 2993 ibren
804 2943 907 2992 Bildcrn
929 2941 980 2991 und
1000 2940 1081 2990 ihrem
1099 2936 1226 2987 Gediicbt·

153 3028 181 3065 v.
202 3010 262 3075 cu,
282 3013 496 3064 wabrschoinlich
516 3014 578 3063 aber
598 3020 664 3062 ctwa
719 3011 774 3061 niss
792 3011 833 3061 bci
847 3011 892 3059 den
907 3006 1120 3058 Sclriltstcllern.
1156 3005 1226 3055 Statt

153 3080 189 3131 20
201 3080 282 3131 labro
294 3083 394 3147 opiter,
411 3082 438 3132 in
451 3081 575 3132 Cremona
587 3080 665 3144 gebo·
717 3081 844 3146 perempti
855 3084 980 3129 crwartct
988 3091 1047 3127 man
1060 3078 1106 3126 das
1115 3073 1226 3127 Verbum

154 3163 213 3211 ran,
225 3164 277 3199 von
288 3149 345 3200 dem
357 3149 457 3200 Stellen
469 3150 495 3199 b.
508 3150 579 3200 Suet
591 3167 630 3213 gr.
640 3150 664 3198 l.
720 3147 831 3212 linitum,
852 3146 885 3196 da
904 3145 960 3196 dics
973 3143 1052 3196 Wort
1071 3143 1112 3193 dia
1130 3141 1226 3206 Haupt·

154 3218 180 3268 9.
195 3217 236 3269 11.
260 3217 456 3281 accontus,
474 3219 513 3268 16.
721 3218 796 3266 sache
810 3214 918 3266 cntbiilt.
943 3211 1119 3264 saclusa.

176 3286 215 3335 ·4.
235 3284 360 3351 rclt'quere
373 3287 478 3336 ‘licssen
492 3286 530 3336 sie
543 3283 664 3335 bestchn’.
758 3284 796 3334 12.
815 3283 1033 3349 septuagesimum
1045 3285 1104 3331 anta
1121 3293 1225 3334 annuam

189 3354 216 3405 6.
235 3351 354 3418 ma
374 3353 450 3404 lllll.
463 3356 496 3402 15
509 3352 575 3418 quod
585 3356 667 3402 inlar—
720 3352 754 3402 42
767 3368 792 3403 v.
805 3351 850 3401 Ch.
869 3352 931 3401 Alsc
944 3349 1023 3399 nunde
1035 3348 1108 3398 Zcbl.

155 3422 323 3487 rqanltllue,
336 3424 394 3486 quis
409 3422 566 3488 Capitolium
577 3424 666 3470 incca-
757 3419 797 3471 13.
816 3417 1036 3483 quas-abolevit.
1056 3414 1081 3465 S.
1095 3430 1126 3463 zu
1136 3411 1176 3463 lll.
1185 3412 1226 3460 76.

154 3489 243 3552 dicad,
261 3506 289 3540 sc
305 3505 379 3541 rcum
398 3493 507 3540 Atticas
528 3488 668 3545 obtuleram
758 3488 798 3540 18.
812 3486 932 3537 occultati
953 3489 977 3534 ct
993 3483 1073 3544 addi,
1088 3479 1226 3531 besondcrs

155 3559 419 3625 caqucccnscccioac,
437 3561 488 3608 noa
504 3561 593 3623 aptam
605 3560 667 3605 tem-
721 3556 802 3605 durch
825 3555 896 3605 seinc
919 3552 1032 3603 Tochter
1053 3547 1169 3609 Marcia,
1193 3561 1225 3595 an

152 3627 217 3693 pori
225 3625 462 3693 mendaciumsuit,
474 3625 598 3676 invidiam
615 3625 665 3674 ιιι·-
722 3623 818 3674 welche
831 3623 939 3672 Senecas
960 3617 1103 3669 Consolatio
1114 3613 1227 3667 adlllar-

154 3709 263 3759 mcnquc
273 3697 408 3759 αςιιουιὲιιιι
424 3699 448 3744 ct
459 3710 477 3743 a
484 3695 603 3761 pertidus
616 3691 645 3744 V
642 3692 664 3742 i·
719 3694 786 3742 ciam
798 3691 926 3754 gericbtet
937 3687 980 3737 ist.
999 3687 1025 3736 S.
1038 3687 1064 3736 iu
1077 3685 1164 3735 dieser
1176 3702 1197 3734 c.
1212 3685 1224 3735 1

155 3760 501 3813 ulliiaarolatuam'debatur.
721 3760 752 3812 Ut
761 3758 875 3824 aliquam
884 3757 1039 3806 occasionum
1047 3754 1156 3803 anatalio
1164 3757 1227 3803 tcm-

190 3820 246 3882 ³5.
265 3831 289 3880 l.
310 3832 465 3881 manichae
478 3828 663 3893 counierit
718 3841 812 3895 porum
830 3824 911 3888 dedat,
928 3825 1063 3890 ingenium
1080 3822 1164 3888 patris
1180 3823 1224 3883 tui,

155 3913 206 3949 noa
222 3897 297 3949 modo
321 3916 336 3948 e
354 3898 424 3966 plebe
443 3901 522 3948 ctiam
539 3897 665 3948 militabas
720 3896 751 3946 dc
767 3910 815 3959 quo
831 3897 962 3960 cumptum
982 3894 1041 3942 crat
1061 3889 1226 3956 suppliciam,

211 3981 326 4024 Cornelius
340 3982 426 4022 Tacitus
441 3981 458 4024 1.
472 3985 492 4024 c.
507 3981 564 4024 Anti,
981 3975 1012 4028 18
