2646 4404
116 246 176 309 108
325 276 361 352 t
498 242 642 297 coarnu
659 242 769 296 racrrr
1063 258 1093 309 a,
1107 268 1130 301 a
1144 260 1184 299 en

114 417 189 478 quae
216 397 365 478 quondam
392 396 517 475 Augusti
543 398 672 458 coniunx
690 398 795 469 iuerat,
816 396 1011 458 consobrinos
1034 398 1184 469 Caesam,

114 485 234 561 plenam
259 482 437 561 imaginibus
464 482 588 541 domurn
616 489 746 542 ostentat
765 482 960 561 hortaturque
981 482 1017 543 ad
1033 482 1142 542 luxum
1157 488 1186 542 et

111 586 161 628 aes
177 569 317 638 alienum,
333 568 432 626 socius
448 566 603 626 libidinum
625 574 655 626 et
669 566 890 635 necessitatum,
907 585 967 645 quo
982 566 1122 645 pluribus
1138 566 1185 626 in·

54 654 98 709 28
112 653 195 712 diciis
215 651 358 728 inligaret
381 652 420 711 Ut
442 651 512 711 satis
532 650 664 721 testium,
686 659 716 711 et
731 651 781 729 qui
797 651 874 711 servi
889 651 994 711 eadem
1009 658 1184 722 noscerent,

111 736 256 815 repperit,
273 735 386 795 aditum
402 736 438 794 ad
454 736 620 813 principem
632 737 775 813 postulat,
792 736 997 796 demonstrato
1013 735 1144 796 crimine
1156 741 1186 795 et
1202 746 1215 796 5

112 841 163 883 reo
179 839 233 899 per
248 821 384 880 Flaccum
407 821 621 892 Vescularium,
638 819 771 898 equitem
787 820 968 896 Romanum,
992 820 1041 880 cui
1062 820 1187 898 propior

113 924 182 969 cum
201 904 321 964 Tiberio
343 922 414 964 usus
437 913 508 964 erat.
532 904 639 964 Caesar
662 904 805 964 indicium
821 905 901 964 haud
916 911 1094 982 aspernatus
1111 922 1185 965 con·

113 1008 233 1070 gressus
249 989 368 1050 abnuit:
391 1007 479 1066 posse
495 989 575 1048 enim
588 991 693 1049 eodem
705 989 810 1062 Flacco
825 989 1013 1049 internuntio
1030 1007 1186 1049 sermones

113 1093 291 1136 commeare.
314 1075 410 1153 Atque
425 1074 544 1133 interim
560 1074 704 1133 Libonem
724 1081 811 1133 ornat
834 1081 982 1152 praetura,
997 1074 1187 1135 convictibus

114 1160 245 1229 adhibet,
268 1178 329 1218 non
350 1159 432 1218 vultu
447 1158 603 1228 alienatus,
619 1176 682 1218 non
698 1157 796 1218 verbis
812 1158 1003 1218 commotior:
1019 1158 1093 1219 adeo
1110 1159 1187 1219 iram
1205 1166 1231 1217 to

114 1244 303 1313 condiderat,
316 1252 481 1321 cunctaque
494 1243 557 1302 eius
570 1243 647 1302 dicta
660 1244 803 1321 iactaque,
819 1261 888 1302 cum
901 1241 1062 1320 prohibere
1072 1251 1187 1321 posset,

114 1331 190 1390 scire
206 1328 349 1397 malebat3
365 1328 461 1387 donec
475 1327 577 1387 lunius
587 1327 718 1405 quidam,
733 1334 905 1404 temptatus
920 1334 954 1386 ut
968 1327 1103 1387 infernas
1119 1346 1187 1389 um·

114 1414 181 1474 bras
194 1412 375 1472 carminibus
389 1413 513 1483 eliceret,
530 1413 565 1472 ad
578 1412 746 1471 Fulcinium
757 1412 899 1471 Trionem
912 1411 1056 1471 indicium
1070 1412 1187 1472 detulit.

115 1497 236 1559 Celebre
256 1497 334 1555 inter
359 1505 545 1556 accusatores
561 1497 679 1556 Trionis
694 1496 849 1574 ingenium
866 1504 928 1556 erat
942 1496 1126 1574 avidumque
1142 1497 1187 1557 ia·

114 1601 182 1642 mae
204 1581 313 1640 malae:
335 1581 436 1640 statim
460 1581 582 1658 corripit
604 1599 700 1653 reum,
723 1581 783 1640 adit
806 1582 951 1651 consules,
980 1580 1233 1659 cognitionem1⁵

114 1672 238 1728 senatus
254 1665 359 1743 poscit.
381 1666 419 1724 Et
439 1674 585 1725 vocantur
605 1674 712 1744 patres,
735 1665 833 1725 addito
849 1666 1080 1725 consultandum
1095 1684 1189 1745 super

113 1771 146 1812 re
161 1767 266 1827 magna
284 1758 313 1808 et
328 1749 430 1809 atroci.

55 1830 99 1885 2⁹
199 1834 271 1893 Libo
287 1834 409 1893 interim
423 1840 503 1893 veste
520 1842 633 1893 mutata
646 1852 714 1893 cum
726 1832 907 1911 primoribus
919 1832 1041 1894 feminis
1057 1833 1188 1893 circum·

113 1920 156 1980 ire
179 1919 297 1989 domm,
327 1937 411 1978 orare
435 1918 564 1987 adfines,
593 1938 697 1978 vocem
720 1918 874 1978 adversum
898 1918 1028 1995 pericula
1052 1936 1195 1996 posceres

113 2003 314 2065 abnuentibus
336 2004 465 2072 cunctiS,
488 2022 555 2062 curn
572 2003 686 2063 diversa
702 2003 941 2080 praetenderent,
957 2003 1062 2062 eadem
1077 2003 1186 2063 formi-
1204 2003 1234 2054 2⁰

114 2090 191 2149 dine.
214 2088 268 2147 llie
288 2096 409 2147 senatus
432 2092 514 2147 inetu
535 2095 564 2146 et
578 2088 763 2165 aegritudine
778 2088 885 2156 fessus,
901 2087 971 2156 sive,
987 2094 1020 2148 ut
1035 2087 1188 2149 tradidere

114 2174 245 2252 quidam,
261 2172 399 2232 simulato
417 2173 648 2244 morbo„lectica
663 2173 777 2232 delatus
793 2172 828 2231 ad
845 2172 924 2231 iores
936 2172 1036 2232 curiae
1052 2171 1187 2233 innisus·

113 2278 172 2337 que
186 2258 272 2318 fratri
288 2266 317 2317 et
333 2275 440 2317 manus
457 2276 490 2317 ac
506 2256 652 2335 supplices
665 2276 752 2317 voces
767 2256 803 2317 ad
816 2256 969 2316 Tiberium
983 2256 1111 2318 tendens
1126 2257 1188 2318 im-

113 2394 211 2442 Brudcr
227 2392 338 2456 Drusus,
359 2395 504 2444 consobrini
526 2393 558 2442 im
576 2409 620 2442 cn·
710 2394 734 2442 9.
754 2394 839 2457 Atque
854 2395 959 2442 interim
977 2408 1000 2441 u.
1020 2408 1040 2442 s.
1054 2408 1085 2442 W.
1111 2394 1186 2444 Suet.

113 2476 177 2524 gcrn
190 2459 275 2524 Sinnc,
293 2462 327 2510 irn
345 2462 453 2512 weiteru
467 2462 530 2510 auch
542 2461 621 2511 deren
675 2459 732 2510 Tib.
746 2461 778 2510 25
796 2460 924 2519 Libonem,
946 2460 1057 2524 nequid
1073 2463 1102 2509 in
1113 2464 1187 2511 noci-

113 2528 197 2578 Stihne
214 2531 263 2577 und
276 2528 370 2590 liuhai,
389 2529 443 2578 also
461 2529 619 2578 simmtlichc
674 2532 724 2578 tale
740 2529 857 2579 acerbius
872 2528 954 2594 fieret,
976 2528 1115 2578 secundo
1134 2528 1187 2579 de-

114 2595 355 2647 lebendeCaeearus.
370 2595 619 2660 Boeenesrl0euvrcs
674 2612 755 2645 mum
784 2610 868 2644 enno
891 2598 919 2645 in
942 2600 1032 2645 sumtu
1055 2600 1187 2661 coarguti,

116 2664 149 2715 V.
162 2664 231 2727 301).
674 2662 757 2713 medio
776 2666 899 2729 temporis
918 2666 1004 2729 spatio
1023 2668 1127 2714 tantum
1142 2680 1187 2715 ca·

149 2731 173 2780 3.
204 2733 383 2782 necessitatum
407 2730 619 2794 ‘Bedriingnisse’‚
675 2736 886 2782 vereccntcntue.

114 2799 355 2863 ‘Verlegenheiten'.
381 2798 417 2846 Er
433 2799 522 2848 suchte
540 2799 621 2849 selbst
711 2800 751 2847 12.
769 2799 847 2848 donec
868 2800 928 2862 geht
951 2797 1046 2848 zuriick
1067 2797 1114 2848 aul
1129 2816 1186 2850 um·

117 2868 165 2916 und
178 2868 224 2917 auf
233 2868 319 2917 sciren
333 2866 429 2918 Namen
443 2865 507 2916 Geld
519 2867 621 2916 berbei-
675 2866 1109 2917 victibusadhibet—commotior.
1137 2868 1186 2918 nie

115 2935 266 2985 zuschaffen.
291 2935 374 2986 Ucbcr
387 2934 509 3001 pluribus
520 2933 622 2984 indiciis
676 2935 836 2984 dezwischcn
858 2934 995 2983 stehenden
1015 2933 1108 2985 Wortc
1126 2935 1186 2985 sind

115 3002 240 3065 integeret
252 3018 284 3050 zu
296 3000 337 3052 VI.
351 3002 391 3052 32.
677 3002 866 3067 parenthetisch
895 3018 940 3050 zur
965 3001 1112 3066 Erklhrung
1139 3004 1185 3053 des

150 3061 204 3118 28.
224 3070 247 3118 4.
265 3074 393 3119 noscerent
407 3069 622 3118 ‘erkennenwiir-
677 3070 830 3119 Bcnebmens
854 3069 898 3118 des
920 3069 1040 3118 Tiberius
1060 3070 1186 3133 hiuzuge·

115 3136 170 3187 den'
198 3137 238 3186 als
266 3145 345 3186 etwas
370 3137 446 3186 ihren
470 3137 620 3198 Belenntcs,
676 3137 742 3201 liigt.
767 3136 838 3186 Adeo
857 3138 947 3200 gehirt
965 3137 1095 3187 natiirlich
1114 3139 1185 3189 blose

116 3220 189 3255 wenn
208 3219 264 3253 man
284 3221 311 3253 es
331 3205 405 3253 ihucn
418 3205 459 3254 bei
473 3206 518 3254 der
530 3203 622 3254 Ueter-
675 3223 708 3255 zu
724 3208 792 3255 iram
809 3203 963 3253 cocrdiderat.
987 3204 1080 3254 Iunius
1096 3205 1130 3255 ist
1148 3206 1186 3256 ei-

114 3273 229 3334 suchuug
238 3273 363 3334 vorlegte.
383 3273 576 3323 DnsErkenncn
587 3272 622 3321 ist
677 3289 723 3322 ner
735 3274 780 3322 der
793 3290 814 3322 c.
828 3273 860 3320 27
874 3273 1023 3322 erwiihuten
1037 3272 1143 3335 Magier.

115 3341 178 3391 uber
189 3340 246 3388 hier
258 3340 284 3389 in
297 3355 406 3402 engcrcr
415 3341 560 3403 Bedeutung
571 3356 621 3389 von
714 3341 751 3392 13.
771 3338 918 3389 Fulcinium
926 3337 1056 3402 Trionem,
1066 3341 1187 3390 mitVor-

116 3410 171 3458 dem
183 3416 281 3471 gesagt,
293 3408 405 3457 welcher
417 3415 501 3471 sugt,
522 3409 580 3457 dass
594 3424 623 3457 er
677 3424 765 3457 namen
771 3406 876 3457 Lucius.
896 3407 1119 3459 Wahrscheinlich
1129 3409 1185 3459 sein

117 3476 234 3537 erkenut,
247 3477 330 3525 indem
340 3483 412 3525 sonst
422 3478 476 3526 sein
486 3476 622 3525 Erlrennen
678 3477 775 3525 llruder
788 3490 842 3525 wer
857 3476 882 3526 C.
894 3474 1032 3526 Fulcinius
1049 3473 1110 3526 Trio
1121 3476 1186 3527 Prt-

117 3560 166 3594 unr
182 3546 326 3593 vermuthet
342 3543 421 3606 wird‚
439 3545 494 3593 also
513 3544 623 3593 ‘einriiu
677 3552 719 3594 tor
737 3544 887 3608 peregrinus
905 3544 937 3594 24
956 3560 978 3592 n.
992 3544 1034 3593 Ch.
1055 3545 1120 3594 nach
1136 3545 1186 3595 den

117 3613 190 3676 mcn',
210 3612 259 3662 wic
277 3630 298 3663 c.
316 3611 348 3661 30
367 3610 550 3675 adgnoscentes
570 3626 623 3661 ser·
677 3610 772 3661 Fasten
797 3612 860 3660 Bull.
886 3613 954 3661 arch.
981 3611 1047 3663 1869
1076 3630 1102 3678 p.
1129 3610 1188 3666 123,

117 3693 166 3728 cos.
189 3679 248 3730 XV.
256 3683 289 3730 60
299 3695 333 3728 an
343 3678 518 3731 dictaNutalis
527 3695 624 3743 sueque
678 3679 761 3731 Ucbcr
774 3679 872 3728 Larcius
889 3696 909 3729 s.
926 3678 963 3730 lll.
984 3682 1023 3732 10.
1039 3682 1077 3732 19.
1099 3679 1129 3731 V.
1144 3680 1187 3731 11.

116 3761 238 3812 responsa
250 3751 369 3797 nosceret.
679 3747 719 3797 Vl.
733 3749 756 3796 4.
773 3747 813 3797 38.

151 3814 175 3862 c,
196 3812 314 3865 Flaccum
343 3814 529 3864 Vescularium.
565 3814 623 3876 Vgl.
713 3806 765 3865 29.
785 3816 825 3865 23.
844 3815 936 3879 fratri.
957 3815 1017 3864 Dies
1026 3815 1063 3866 ist
1072 3817 1118 3865 der
1128 3830 1188 3865 con-

116 3880 159 3931 Vl.
175 3883 214 3932 10.
678 3882 721 3932 sul
730 3883 881 3933 ordinarius
888 3882 972 3933 dieses
978 3884 1062 3947 Jahrs,
1074 3884 1102 3934 L.
1108 3882 1184 3933 Libo.
