2646 4404
174 199 237 261 270
571 195 714 249 CORNELI
730 195 841 249 unum
1129 211 1157 261 (ι
1167 222 1188 251 ι
1199 213 1228 251 nt

174 351 289 431 spicere
304 351 353 412 illa
367 350 466 430 primo
481 357 602 430 aspectu
616 350 699 421 levia,
714 369 749 411 cx
764 349 831 429 quis
846 368 1028 429 magnarum
1041 368 1135 429 saepe
1146 368 1232 411 rernn

119 460 161 516 ³8
175 445 277 497 motus
292 435 439 496 oriuntur.
480 435 554 496 Nam
576 433 700 496 crdnctas
721 435 857 496 nationes
878 443 911 497 et
931 435 1024 497 urbes
1045 435 1175 515 poprdus
1193 443 1234 497 eut
1276 440 1278 469 ²

176 522 322 600 primores
337 528 388 581 aut
403 520 512 598 singuli
526 528 650 598 regunt:
673 520 784 580 delecta
800 539 837 581 ex
850 520 888 581 iis
903 528 934 581 et
944 520 1123 583 consociate
1134 520 1235 599 reipu-
1276 558 1278 595 :

175 606 268 667 blicae
283 607 379 665 forma
400 605 512 665 laudari
534 605 647 665 facilius
670 623 760 683 quam
779 604 910 676 evenire,
931 606 979 667 vel
994 606 1021 667 si
1036 605 1150 678 evenit,
1169 605 1235 665 baud
1276 602 1278 649 ἷ

176 691 316 751 diuturna
333 708 398 749 esso
411 696 519 767 potest.
542 689 634 767 {gitur
649 697 683 751 nt
699 689 769 750 olim
783 689 871 768 plebe
884 690 989 761 solida,
1003 691 1053 751 vel
1066 709 1139 751 curn
1152 698 1255 769 patrm
1275 704 1278 761 ξ

174 776 331 854 pollerent,
353 774 503 834 noscenda
517 774 594 852 vulgi
609 781 724 845 natura,
752 782 782 834 et
803 774 912 853 quibus
926 775 1027 837 modis
1041 782 1237 854 temperanter

173 858 344 928 haberetur,
359 866 541 936 senatusque
556 868 586 918 et
600 858 789 938 optimatium
803 859 922 936 ingenia
936 860 991 938 qui
1004 860 1141 923 maxime
1150 858 1238 939 perdi-

174 945 315 1015 dicerant‚
338 942 434 1004 callidi
457 952 627 1022 temporum
649 950 679 1003 et
701 944 852 1022 sapientes
874 944 1089 1017 credebantur,
1111 945 1156 1005 sic
1175 962 1239 1005 oon

172 1047 257 1089 verso
273 1036 353 1088 statu
368 1046 467 1107 neque
482 1028 538 1088 alia
553 1047 587 1088 re
598 1028 742 1098 Romana,
757 1047 846 1106 quarn
861 1029 886 1089 si
901 1047 983 1092 unus
992 1030 1164 1109 imperitet,
1176 1028 1240 1090 haec

172 1113 308 1191 conquiri
323 1113 460 1190 tradique
475 1113 507 1173 in
522 1132 587 1173 cern
603 1113 703 1182 fuerit,
719 1113 788 1192 quia
798 1113 884 1192 pauci
894 1114 1060 1192 prudentia
1071 1116 1199 1176 honesta
1209 1112 1264 1179 do

172 1197 380 1268 deterioribus,
397 1195 480 1258 utilia
494 1197 531 1259 ab
546 1198 642 1258 noxiis
658 1197 839 1268 discernunt,
861 1197 965 1276 plures
980 1200 1115 1261 aliorum
1137 1197 1239 1260 eventio

171 1283 325 1343 docentur.
356 1282 494 1343 Ceterum
509 1290 543 1342 ut
557 1287 723 1360 profutura,
739 1282 779 1342 ita
793 1283 952 1344 minimum
967 1284 1183 1347 oblectationis
1196 1282 1238 1343 ad

169 1370 279 1427 serunt.
310 1367 385 1426 Nam
401 1367 476 1427 situs
491 1368 635 1445 gentium,
658 1368 815 1428 varietates
829 1369 1026 1446 proeliorum,
1050 1369 1126 1431 clari
1140 1369 1238 1429 ducein

170 1451 266 1510 exitus
289 1451 420 1511 retinent
443 1470 477 1511 ac
499 1453 705 1529 redintegrant
726 1452 888 1530 legentium
910 1453 1067 1515 animum:
1089 1471 1151 1515 nos
1165 1470 1238 1515 enen

167 1534 257 1604 iussa,
280 1534 438 1595 continuas
453 1537 665 1606 accusationes,
688 1537 808 1598 fallaces
826 1536 982 1609 amicitias,
1008 1538 1185 1617 perniciem
1199 1538 1267 1599 inb

167 1618 339 1678 nocentium
361 1629 391 1680 et
412 1620 533 1680 easdem
554 1621 636 1681 exitii
657 1640 762 1682 causas
781 1622 1009 1700 coniungimus,
1033 1623 1128 1684 obvia
1147 1641 1237 1685 rerun

166 1703 359 1763 similitudine
371 1711 401 1764 et
416 1704 561 1765 satietate.
588 1706 666 1766 Turn
680 1702 788 1786 [quod]
804 1706 935 1785 antiquis
946 1706 1154 1786 scriptoribus
1164 1725 1237 1769 rarus

165 1787 358 1857 obtrectator,
382 1807 482 1866 neque
495 1793 586 1849 refert
601 1791 785 1870 cuiusquam,
805 1791 934 1853 Punicas
949 1791 1151 1853 Romanasne
1171 1792 1237 1855 acies

165 1871 269 1932 laetius
285 1873 443 1934 extuleris:
467 1883 497 1935 at
512 1875 685 1946 multorum,
708 1876 761 1954 qui
775 1874 894 1936 Tiberio
908 1885 1036 1954 regente
1050 1895 1189 1957 poenam
1200 1875 1237 1937 vd

200 2009 223 2058 1.
242 2025 401 2075 magrwrum
412 2025 502 2060 rerum
518 2014 603 2059 monce
622 2013 675 2061 ori-
731 2009 805 2060 Rede.

164 2081 252 2139 rantur,
264 2079 286 2128 d.
297 2079 321 2126 b.
339 2092 429 2140 grosse
441 2076 523 2140 Dioge
535 2078 638 2128 werden
648 2079 673 2127 in
765 2078 806 2130 18.
824 2078 943 2131 niellus.
954 2078 1135 2146 nmmo,
1145 2097 1199 2133 vm
1213 2081 1235 2133 in

163 2146 307 2209 bewegung
318 2152 427 2207 gesetzt.
728 2146 801 2196 einer
810 2145 981 2213 noppeltroge
992 2149 1069 2200 nieht
1077 2152 1158 2201 stelin
1170 2150 1235 2201 hu

197 2204 251 2263 33.
265 2216 289 2263 4.
308 2213 421 2275 ἱαιιάανί,
442 2213 492 2263 wie
503 2229 531 2263 es
540 2214 673 2277 gescbiebt
727 2214 801 2264 Auelr
814 2214 856 2265 Vl.
869 2214 903 2264 23
914 2216 959 2266 lnt
970 2216 1015 2265 oin
1023 2216 1170 2271 Sebreibor
1179 2218 1235 2269 obre

161 2298 212 2332 von
225 2280 348 2347 Polybius
362 2279 403 2333 Vl.
421 2280 436 2329 3
451 2298 474 2330 u.
488 2282 541 2331 Cic.
559 2281 589 2331 de
606 2296 671 2347 rep.
727 2281 793 2331 Aebt
810 2280 857 2331 auf
871 2282 943 2334 scine
955 2284 1072 2348 Vorlage
1090 2282 1235 2337 winardo·

160 2349 178 2398 1.
193 2349 233 2409 29,
252 2351 294 2398 45.
312 2349 353 2410 35,
366 2350 407 2398 54.
420 2351 460 2411 45,
474 2349 514 2398 69.
533 2348 561 2398 11.
576 2350 616 2413 23,
631 2350 671 2411 41,
726 2350 856 2400 wohnheit
873 2350 976 2413 folgend
991 2357 1089 2419 monte
1104 2355 1148 2405 ved
1159 2368 1235 2405 necao

161 2417 260 2466 welche
272 2416 332 2467 Tac.
345 2416 403 2466 hier
416 2417 450 2466 irn
463 2419 535 2479 Auge
547 2418 599 2466 lut.
724 2419 801 2467 sirau
820 2418 870 2467 und
888 2417 957 2470 xlv.
971 2420 1003 2469 51
1026 2418 1181 2473 camdeno
1197 2423 1235 2471 d

194 2485 218 2532 9.
228 2486 298 2545 baec,
314 2484 355 2532 die
369 2485 669 2546 Verbaodlungenselbst
722 2499 816 2534 emeno
826 2484 869 2535 scir
887 2491 973 2552 sponte
987 2502 1026 2537 an
1042 2493 1200 2541 meseum
1213 2504 1235 2539 ι.

159 2550 352 2614 geringliigiger
370 2550 451 2613 Dioge
468 2552 502 2600 irn
521 2553 607 2614 Senot,
626 2553 669 2602 bei
722 2552 910 2604 valetudinem
924 2570 1018 2605 emeno
1029 2558 1212 2619 goscbriebou

158 2619 238 2668 denen
255 2620 310 2668 sich
322 2620 362 2668 die
375 2620 524 2682 Gesinnnng
546 2620 592 2669 des
603 2619 670 2669 Fiir·
759 2621 799 2672 19.
817 2626 920 2686 regente
931 2622 1065 2676 kennlrier
1077 2642 1132 2677 nur
1145 2626 1235 2677 intru-

162 2694 219 2735 sten
232 2687 324 2749 zeigte.
724 2688 788 2739 sitiv
797 2687 895 2752 gelnsst
903 2692 1024 2741 werdon:
1037 2691 1131 2744 ‘notan
1140 2692 1235 2745 derile-

200 2754 239 2803 to.
257 2756 439 2819 menogenes
455 2754 553 2803 ‘reiben
571 2769 603 2803 en
616 2755 670 2803 eiu-
723 2756 831 2819 gieruog
845 2758 889 2807 des
903 2757 1048 2819 Tiberius’;
1061 2760 1234 2813 unddosrheli

161 2821 256 2871 ander’.
279 2820 377 2883 Obvius,
395 2821 444 2884 eig.
464 2821 669 2885 ‘entgegeolorn-
724 2825 760 2873 ist
777 2839 805 2875 es
817 2822 956 2887 einfecben
972 2841 1002 2877 os
1021 2829 1124 2881 ebonso
1137 2830 1235 2880 zond-

160 2890 280 2951 rnend',d.
291 2890 309 2938 i.
323 2888 583 2952 ‘sicheusdriogendl
603 2890 669 2941 Plio.
723 2906 780 2941 naen
792 2890 860 2943 xlll.
877 2893 893 2942 3
913 2894 980 2944 add
993 2902 1109 2960 regente
1128 2912 1160 2949 oo
1172 2898 1236 2947 etsta

160 2972 198 3021 ep.
212 2955 242 3005 ΙΙ.
256 2957 280 3019 8,
300 2959 329 3008 17
343 2973 384 3006 eos
402 2960 487 3020 eliam,
505 2956 542 3006 ud
557 2973 619 3021 quos
634 2974 670 3007 ex
723 2961 765 3007 m'
780 2960 898 3025 publicae
916 2963 949 3010 ab
970 2966 1097 3015 mame&
1110 2964 1235 3026 aceubitu,

159 3039 265 3073 munem
281 3028 370 3074 nostro
385 3025 451 3073 nibil
463 3027 577 3090 pertinet
592 3040 667 3090 prae·
721 3027 750 3075 D.
764 3029 794 3077 41
811 3030 882 3078 ἐπίοι·
900 3031 978 3079 bonos
988 3046 1082 3082 mom
1095 3038 1122 3083 ct
1134 3037 1163 3085 iae
1173 3033 1234 3085 oh·

159 3095 198 3139 ter
210 3091 364 3156 exemplum,
381 3092 447 3140 velud
462 3092 536 3140 odota
552 3096 666 3142 ostenta-
720 3097 807 3157 quim
822 3099 936 3160 ngenh'e
944 3102 1073 3164 paratos,
1087 3100 1134 3151 bei
1146 3102 1233 3153 Sem

159 3161 227 3206 tione
238 3161 391 3220 conquirere.
719 3161 936 3225 deirull.15‚4
955 3172 1234 3235 nemomrtemragm

195 3225 233 3273 17.
251 3225 318 3288 quod
337 3225 372 3273 ist
383 3241 433 3274 von
453 3226 557 3275 demand
577 3226 663 3289 einge—
715 3233 809 3294 potest,
820 3233 875 3279 nisi
884 3234 930 3295 qui
945 3236 973 3281 et
984 3237 1054 3298 regi,
1066 3236 1113 3287 tls
1125 3252 1181 3289 ren
1189 3250 1230 3304 μ·

158 3299 234 3352 setzt,
247 3292 360 3342 welches
378 3293 494 3353 glaubte,
513 3294 573 3342 dass
591 3294 664 3344 diese
717 3296 817 3361 bb'eum,
829 3314 914 3348 mora
924 3299 976 3349 und
986 3301 1029 3351 ein
1039 3302 1231 3357 unbeetinntts

160 3360 252 3410 Worte
263 3360 309 3408 mit
323 3359 370 3408 den
383 3360 663 3422 niichstvorbergeben·
717 3362 811 3424 Objeet
820 3381 853 3414 ιιι
865 3367 1002 3429 ergdnzen

159 3430 206 3478 den
223 3444 255 3477 zu
273 3428 410 3478 verbinden
431 3427 493 3476 seio.
511 3426 548 3475 ns
561 3428 597 3477 ist
609 3445 663 3478 we·
748 3446 874 3498 poenam,
892 3434 1156 3507 collectivdstrarc’,
1168 3438 1231 3491 nicht

159 3497 205 3546 der
223 3496 269 3545 der
286 3494 361 3544 Foru
378 3496 424 3544 der
436 3494 502 3545 Rode
515 3510 604 3556 n·egeu
616 3511 661 3543 zu·
717 3498 783 3548 ‘eine
795 3499 914 3564 Strefe');
927 3504 1081 3569 infamiae,
1098 3507 1185 3560 indo!
1194 3506 1230 3557 tte

157 3564 239 3627 laissig
251 3564 326 3625 (deun
339 3579 369 3611 zu
380 3561 666 3627 Ceterrem—udsorwat
720 3566 849 3627 Stbmneb,
872 3570 914 3619 die
936 3572 1131 3627 verschiedone
1144 3576 1230 3627 Porto·

157 3631 222 3679 kann
237 3632 306 3680 nicht
318 3630 537 3694 zuriiekgegriiien
550 3630 663 3691 werden)
718 3649 767 3696 nen
778 3634 841 3685 oder
850 3637 1230 3695 dieselbenzuverseniedenen

157 3698 221 3746 noch
233 3698 278 3747 des
288 3699 363 3748 Sinos
375 3698 549 3762 wegenzdenn
560 3698 593 3746 irn
603 3696 664 3746 Fol-
717 3700 809 3750 Zeiten
823 3703 882 3765 trus,
907 3706 1010 3756 einzelu
1024 3709 1140 3772 seducit
1160 3708 1230 3773 wirl,

156 3765 251 3826 geoden
265 3766 301 3815 ist
313 3767 438 3815 durebuus
451 3765 601 3815 nicbtmeb·¹
611 3780 662 3813 von
716 3768 767 3816 wie
779 3768 819 3819 ΙΙΙ.
838 3772 992 3837 teglat-tae.
1030 3776 1087 3827 Der
1098 3777 1230 3830 Ausone&

57 3850 61 3855 ·
157 3831 202 3881 der
226 3831 413 3896 Unterholtung
438 3833 481 3882 des
501 3832 587 3882 Leaen
623 3832 660 3872 li*
727 3841 752 3868 ‚r
762 3836 914 3889 abstentum
924 3844 1098 3903 geweemlt
