<?xml version="1.0" encoding="UTF-8"?>
<!DOCTYPE html PUBLIC "-//W3C//DTD XHTML 1.0 Transitional//EN"
    "http://www.w3.org/TR/xhtml1/DTD/xhtml1-transitional.dtd">
<html xmlns="http://www.w3.org/1999/xhtml" xml:lang="en" lang="en">
 <head>
  <title>
</title>
<meta http-equiv="Content-Type" content="text/html;charset=utf-8" />
  <meta name='ocr-system' content='tesseract 3.04.00' />
  <meta name='ocr-capabilities' content='ocr_page ocr_carea ocr_par ocr_line ocrx_word'/>
</head>
<body>
  <div class='ocr_page' id='page_1' title='image "./corneliustacitu02tacigoog_0294.png"; bbox 0 0 2646 4404; ppageno 0'>
   <div class='ocr_carea' id='block_1_1' title="bbox 127 274 1203 343">
    <p class='ocr_par' dir='ltr' id='par_1_1' title="bbox 127 274 1203 343">
     <span class='ocr_line' id='line_1_1' title="bbox 127 274 1203 343; baseline 0.003 -15"><span class='ocrx_word' id='word_1_1' title='bbox 127 302 153 343; x_wconf 71' lang='lat' dir='ltr'>p.</span> <span class='ocrx_word' id='word_1_2' title='bbox 167 287 209 332; x_wconf 79' lang='lat'><strong>011.</strong></span> <span class='ocrx_word' id='word_1_3' title='bbox 223 289 258 341; x_wconf 75' lang='grc'>14)</span> <span class='ocrx_word' id='word_1_4' title='bbox 315 276 358 327; x_wconf 84' lang='grc' dir='ltr'>ΑΒ</span> <span class='ocrx_word' id='word_1_5' title='bbox 375 274 526 328; x_wconf 79' lang='lat' dir='ltr'><strong>EXCESSU</strong></span> <span class='ocrx_word' id='word_1_6' title='bbox 543 276 611 329; x_wconf 86' lang='lat' dir='ltr'>nlvl</span> <span class='ocrx_word' id='word_1_7' title='bbox 623 275 767 329; x_wconf 82' lang='lat' dir='ltr'><strong>AUGUSTI</strong></span> <span class='ocrx_word' id='word_1_8' title='bbox 783 278 826 330; x_wconf 83' lang='lat' dir='ltr'>lv.</span> <span class='ocrx_word' id='word_1_9' title='bbox 845 278 886 328; x_wconf 82' lang='lat'><strong>23.</strong></span> <span class='ocrx_word' id='word_1_10' title='bbox 899 279 940 330; x_wconf 84' lang='lat'><strong>24.</strong></span> <span class='ocrx_word' id='word_1_11' title='bbox 952 278 993 329; x_wconf 89' lang='grc'>25.</span> <span class='ocrx_word' id='word_1_12' title='bbox 1140 279 1203 342; x_wconf 79' lang='grc'>263</span> 
     </span>
    </p>
   </div>
   <div class='ocr_carea' id='block_1_2' title="bbox 79 429 1285 1950">
    <p class='ocr_par' dir='ltr' id='par_1_2' title="bbox 126 429 1205 762">
     <span class='ocr_line' id='line_1_2' title="bbox 126 429 1203 511; baseline 0.003 -21"><span class='ocrx_word' id='word_1_13' title='bbox 126 429 258 509; x_wconf 80' lang='lat' dir='ltr'>ipsaque</span> <span class='ocrx_word' id='word_1_14' title='bbox 281 449 298 490; x_wconf 93' lang='lat' dir='ltr'>e</span> <span class='ocrx_word' id='word_1_15' title='bbox 319 430 480 509; x_wconf 87' lang='lat' dir='ltr'>provincia,</span> <span class='ocrx_word' id='word_1_16' title='bbox 503 438 537 491; x_wconf 88' lang='lat' dir='ltr'>nt</span> <span class='ocrx_word' id='word_1_17' title='bbox 552 431 618 511; x_wconf 90' lang='lat' dir='ltr'>quis</span> <span class='ocrx_word' id='word_1_18' title='bbox 633 432 772 492; x_wconf 83' lang='lat' dir='ltr'>fortunae</span> <span class='ocrx_word' id='word_1_19' title='bbox 784 432 881 511; x_wconf 90' lang='lat' dir='ltr'>inops,</span> <span class='ocrx_word' id='word_1_20' title='bbox 904 432 1039 492; x_wconf 91' lang='lat' dir='ltr'>moribus</span> <span class='ocrx_word' id='word_1_21' title='bbox 1056 431 1203 505; x_wconf 89' lang='lat' dir='ltr'>turbidus,</span> 
     </span>
     <span class='ocr_line' id='line_1_3' title="bbox 128 513 1205 596; baseline 0.005 -23"><span class='ocrx_word' id='word_1_22' title='bbox 128 513 302 593; x_wconf 81' lang='lat' dir='ltr'>promptius</span> <span class='ocrx_word' id='word_1_23' title='bbox 318 514 451 588; x_wconf 80' lang='lat' dir='ltr'>ruebant,</span> <span class='ocrx_word' id='word_1_24' title='bbox 476 514 544 594; x_wconf 92' lang='lat' dir='ltr'>quia</span> <span class='ocrx_word' id='word_1_25' title='bbox 560 517 666 576; x_wconf 86' lang='lat' dir='ltr'>Caesar</span> <span class='ocrx_word' id='word_1_26' title='bbox 680 524 749 595; x_wconf 90' lang='lat' dir='ltr'>post</span> <span class='ocrx_word' id='word_1_27' title='bbox 763 535 812 576; x_wconf 90' lang='lat' dir='ltr'>res</span> <span class='ocrx_word' id='word_1_28' title='bbox 828 537 843 578; x_wconf 94' lang='lat' dir='ltr'>a</span> <span class='ocrx_word' id='word_1_29' title='bbox 858 517 962 578; x_wconf 82' lang='lat' dir='ltr'>Blaeso</span> <span class='ocrx_word' id='word_1_30' title='bbox 984 525 1091 596; x_wconf 85' lang='lat' dir='ltr'>gestas,</span> <span class='ocrx_word' id='word_1_31' title='bbox 1121 518 1205 596; x_wconf 90' lang='lat' dir='ltr'>quasi</span> 
     </span>
     <span class='ocr_line' id='line_1_4' title="bbox 128 597 1203 680; baseline 0.002 -21"><span class='ocrx_word' id='word_1_32' title='bbox 128 597 223 659; x_wconf 88' lang='lat' dir='ltr'>nullis</span> <span class='ocrx_word' id='word_1_33' title='bbox 238 598 296 659; x_wconf 86' lang='lat' dir='ltr'>iam</span> <span class='ocrx_word' id='word_1_34' title='bbox 312 599 344 660; x_wconf 95' lang='lat' dir='ltr'>in</span> <span class='ocrx_word' id='word_1_35' title='bbox 357 599 453 660; x_wconf 80' lang='lat' dir='ltr'>Africa</span> <span class='ocrx_word' id='word_1_36' title='bbox 464 600 609 672; x_wconf 87' lang='lat' dir='ltr'>hostibus,</span> <span class='ocrx_word' id='word_1_37' title='bbox 625 601 771 680; x_wconf 86' lang='lat' dir='ltr'>reportari</span> <span class='ocrx_word' id='word_1_38' title='bbox 782 620 893 663; x_wconf 92' lang='lat' dir='ltr'>nonam</span> <span class='ocrx_word' id='word_1_39' title='bbox 905 601 1053 679; x_wconf 81' lang='lat' dir='ltr'>legionem</span> <span class='ocrx_word' id='word_1_40' title='bbox 1065 601 1203 674; x_wconf 90' lang='lat' dir='ltr'>iusserat,</span> 
     </span>
     <span class='ocr_line' id='line_1_5' title="bbox 128 684 1203 762; baseline 0.004 -18"><span class='ocrx_word' id='word_1_41' title='bbox 128 700 189 745; x_wconf 84' lang='lat' dir='ltr'>nec</span> <span class='ocrx_word' id='word_1_42' title='bbox 204 699 260 762; x_wconf 91' lang='lat' dir='ltr'>pro</span> <span class='ocrx_word' id='word_1_43' title='bbox 276 684 399 745; x_wconf 91' lang='lat' dir='ltr'>consule</span> <span class='ocrx_word' id='word_1_44' title='bbox 416 685 480 745; x_wconf 90' lang='lat' dir='ltr'>eius</span> <span class='ocrx_word' id='word_1_45' title='bbox 496 686 567 745; x_wconf 94' lang='lat' dir='ltr'>anni</span> <span class='ocrx_word' id='word_1_46' title='bbox 582 686 615 744; x_wconf 92' lang='lat' dir='ltr'>P.</span> <span class='ocrx_word' id='word_1_47' title='bbox 628 684 774 746; x_wconf 82' lang='lat' dir='ltr'>Dolabella</span> <span class='ocrx_word' id='word_1_48' title='bbox 789 686 919 747; x_wconf 92' lang='lat' dir='ltr'>retinere</span> <span class='ocrx_word' id='word_1_49' title='bbox 934 704 1024 747; x_wconf 90' lang='lat' dir='ltr'>ausus</span> <span class='ocrx_word' id='word_1_50' title='bbox 1036 694 1107 757; x_wconf 90' lang='lat' dir='ltr'>erat,</span> <span class='ocrx_word' id='word_1_51' title='bbox 1124 685 1203 748; x_wconf 89' lang='lat' dir='ltr'>iussa</span> 
     </span>
    </p>

    <p class='ocr_par' dir='ltr' id='par_1_3' title="bbox 79 766 1285 1188">
     <span class='ocr_line' id='line_1_6' title="bbox 79 766 1285 848; baseline 0.001 -19"><span class='ocrx_word' id='word_1_52' title='bbox 79 766 107 821; x_wconf 65' lang='grc' dir='ltr'><strong><em>ὃ</em></strong></span> <span class='ocrx_word' id='word_1_53' title='bbox 125 767 277 848; x_wconf 87' lang='lat' dir='ltr'>principis</span> <span class='ocrx_word' id='word_1_54' title='bbox 299 769 390 848; x_wconf 85' lang='lat' dir='ltr'>magis</span> <span class='ocrx_word' id='word_1_55' title='bbox 414 788 503 848; x_wconf 88' lang='lat' dir='ltr'>quam</span> <span class='ocrx_word' id='word_1_56' title='bbox 520 769 632 830; x_wconf 88' lang='lat' dir='ltr'>incerta</span> <span class='ocrx_word' id='word_1_57' title='bbox 657 768 727 830; x_wconf 92' lang='lat' dir='ltr'>belli</span> <span class='ocrx_word' id='word_1_58' title='bbox 742 779 889 831; x_wconf 83' lang='lat' dir='ltr'>metuens</span> <span class='ocrx_word' id='word_1_59' title='bbox 927 771 1019 848; x_wconf 81' lang='lat' dir='ltr'>Igitur</span> <span class='ocrx_word' id='word_1_60' title='bbox 1036 771 1205 833; x_wconf 80' lang='lat' dir='ltr'>Tacfarinas</span> <span class='ocrx_word' id='word_1_61' title='bbox 1220 775 1260 832; x_wconf 76' lang='lat'>24</span> <span class='ocrx_word' id='word_1_62' title='bbox 1282 770 1285 775; x_wconf 82' lang='lat'>&#39;</span> 
     </span>
     <span class='ocr_line' id='line_1_7' title="bbox 126 852 1202 935; baseline 0.001 -20"><span class='ocrx_word' id='word_1_63' title='bbox 126 852 266 932; x_wconf 88' lang='lat' dir='ltr'>disperso</span> <span class='ocrx_word' id='word_1_64' title='bbox 282 871 401 914; x_wconf 92' lang='lat' dir='ltr'>rumore</span> <span class='ocrx_word' id='word_1_65' title='bbox 415 872 479 914; x_wconf 91' lang='lat' dir='ltr'>rem</span> <span class='ocrx_word' id='word_1_66' title='bbox 492 854 659 915; x_wconf 88' lang='lat' dir='ltr'>Romanam</span> <span class='ocrx_word' id='word_1_67' title='bbox 675 855 737 915; x_wconf 92' lang='lat' dir='ltr'>aliis</span> <span class='ocrx_word' id='word_1_68' title='bbox 753 874 873 935; x_wconf 91' lang='lat' dir='ltr'>quoque</span> <span class='ocrx_word' id='word_1_69' title='bbox 888 855 923 916; x_wconf 94' lang='lat' dir='ltr'>ab</span> <span class='ocrx_word' id='word_1_70' title='bbox 939 856 1111 918; x_wconf 89' lang='lat' dir='ltr'>nationibus</span> <span class='ocrx_word' id='word_1_71' title='bbox 1124 858 1202 916; x_wconf 92' lang='lat' dir='ltr'>lace-</span> 
     </span>
     <span class='ocr_line' id='line_1_8' title="bbox 124 938 1201 1019; baseline 0 -19"><span class='ocrx_word' id='word_1_72' title='bbox 124 938 190 1000; x_wconf 77' lang='lat' dir='ltr'>rari</span> <span class='ocrx_word' id='word_1_73' title='bbox 207 956 301 1016; x_wconf 91' lang='lat' dir='ltr'>eoque</span> <span class='ocrx_word' id='word_1_74' title='bbox 316 938 458 1018; x_wconf 88' lang='lat' dir='ltr'>paulatim</span> <span class='ocrx_word' id='word_1_75' title='bbox 476 939 572 999; x_wconf 76' lang='lat' dir='ltr'>Africa</span> <span class='ocrx_word' id='word_1_76' title='bbox 589 939 742 1010; x_wconf 91' lang='lat' dir='ltr'>decedere,</span> <span class='ocrx_word' id='word_1_77' title='bbox 765 959 799 1000; x_wconf 92' lang='lat' dir='ltr'>ac</span> <span class='ocrx_word' id='word_1_78' title='bbox 820 958 910 1019; x_wconf 92' lang='lat' dir='ltr'>posse</span> <span class='ocrx_word' id='word_1_79' title='bbox 924 940 1055 1019; x_wconf 89' lang='lat' dir='ltr'>reliquos</span> <span class='ocrx_word' id='word_1_80' title='bbox 1072 941 1201 1001; x_wconf 90' lang='lat' dir='ltr'>circum-</span> 
     </span>
     <span class='ocr_line' id='line_1_9' title="bbox 125 1022 1202 1104; baseline 0.004 -22"><span class='ocrx_word' id='word_1_81' title='bbox 125 1022 236 1095; x_wconf 86' lang='lat' dir='ltr'>veniri,</span> <span class='ocrx_word' id='word_1_82' title='bbox 253 1023 279 1082; x_wconf 92' lang='lat' dir='ltr'>si</span> <span class='ocrx_word' id='word_1_83' title='bbox 291 1024 401 1094; x_wconf 88' lang='lat' dir='ltr'>cuncti,</span> <span class='ocrx_word' id='word_1_84' title='bbox 416 1024 523 1103; x_wconf 89' lang='lat' dir='ltr'>quibus</span> <span class='ocrx_word' id='word_1_85' title='bbox 532 1022 652 1084; x_wconf 87' lang='lat' dir='ltr'>libertas</span> <span class='ocrx_word' id='word_1_86' title='bbox 663 1025 784 1085; x_wconf 85' lang='lat' dir='ltr'>servitio</span> <span class='ocrx_word' id='word_1_87' title='bbox 797 1025 905 1104; x_wconf 88' lang='lat' dir='ltr'>potior,</span> <span class='ocrx_word' id='word_1_88' title='bbox 918 1025 1134 1099; x_wconf 84' lang='lat' dir='ltr'>incubuissent,</span> <span class='ocrx_word' id='word_1_89' title='bbox 1148 1044 1202 1086; x_wconf 92' lang='lat' dir='ltr'>au·</span> 
     </span>
     <span class='ocr_line' id='line_1_10' title="bbox 124 1106 1201 1188; baseline 0.004 -21"><span class='ocrx_word' id='word_1_90' title='bbox 124 1114 182 1185; x_wconf 76' lang='lat' dir='ltr'>get</span> <span class='ocrx_word' id='word_1_91' title='bbox 196 1106 274 1168; x_wconf 83' lang='lat' dir='ltr'>vires</span> <span class='ocrx_word' id='word_1_92' title='bbox 296 1108 458 1188; x_wconf 90' lang='lat' dir='ltr'>positisque</span> <span class='ocrx_word' id='word_1_93' title='bbox 481 1109 583 1169; x_wconf 92' lang='lat' dir='ltr'>castris</span> <span class='ocrx_word' id='word_1_94' title='bbox 600 1109 820 1170; x_wconf 78' lang='lat' dir='ltr'>Thubursicum</span> <span class='ocrx_word' id='word_1_95' title='bbox 837 1110 979 1188; x_wconf 90' lang='lat' dir='ltr'>oppidum</span> <span class='ocrx_word' id='word_1_96' title='bbox 1001 1110 1201 1171; x_wconf 87' lang='lat' dir='ltr'>circumsidet.</span> 
     </span>
    </p>

    <p class='ocr_par' dir='ltr' id='par_1_4' title="bbox 79 1188 1203 1613">
     <span class='ocr_line' id='line_1_11' title="bbox 79 1188 1201 1272; baseline 0.004 -23"><span class='ocrx_word' id='word_1_97' title='bbox 79 1188 106 1249; x_wconf 73' lang='lat'>:⁰</span> <span class='ocrx_word' id='word_1_98' title='bbox 124 1192 169 1253; x_wconf 77' lang='lat' dir='ltr'>Ae</span> <span class='ocrx_word' id='word_1_99' title='bbox 182 1191 330 1254; x_wconf 83' lang='lat' dir='ltr'>Dolabella</span> <span class='ocrx_word' id='word_1_100' title='bbox 346 1201 509 1265; x_wconf 90' lang='lat' dir='ltr'>contracto,</span> <span class='ocrx_word' id='word_1_101' title='bbox 532 1194 611 1272; x_wconf 91' lang='lat' dir='ltr'>quod</span> <span class='ocrx_word' id='word_1_102' title='bbox 627 1202 691 1255; x_wconf 87' lang='lat' dir='ltr'>erat</span> <span class='ocrx_word' id='word_1_103' title='bbox 705 1194 843 1267; x_wconf 93' lang='lat' dir='ltr'>militum,</span> <span class='ocrx_word' id='word_1_104' title='bbox 868 1202 981 1255; x_wconf 90' lang='lat' dir='ltr'>terrore</span> <span class='ocrx_word' id='word_1_105' title='bbox 998 1195 1128 1256; x_wconf 89' lang='lat' dir='ltr'>nominis</span> <span class='ocrx_word' id='word_1_106' title='bbox 1140 1195 1201 1256; x_wconf 91' lang='lat' dir='ltr'>Ro-</span> 
     </span>
     <span class='ocr_line' id='line_1_12' title="bbox 126 1277 1201 1359; baseline 0.001 -21"><span class='ocrx_word' id='word_1_107' title='bbox 126 1277 222 1350; x_wconf 80' lang='lat' dir='ltr'>mani,</span> <span class='ocrx_word' id='word_1_108' title='bbox 238 1285 267 1338; x_wconf 90' lang='lat' dir='ltr'>et</span> <span class='ocrx_word' id='word_1_109' title='bbox 283 1278 351 1357; x_wconf 92' lang='lat' dir='ltr'>qnia</span> <span class='ocrx_word' id='word_1_110' title='bbox 363 1279 509 1340; x_wconf 87' lang='lat' dir='ltr'>Numidae</span> <span class='ocrx_word' id='word_1_111' title='bbox 524 1278 655 1357; x_wconf 91' lang='lat' dir='ltr'>peditum</span> <span class='ocrx_word' id='word_1_112' title='bbox 669 1280 763 1339; x_wconf 85' lang='lat' dir='ltr'>aciem</span> <span class='ocrx_word' id='word_1_113' title='bbox 775 1279 854 1341; x_wconf 86' lang='lat' dir='ltr'>ferre</span> <span class='ocrx_word' id='word_1_114' title='bbox 866 1289 1029 1358; x_wconf 89' lang='lat' dir='ltr'>nequeunt,</span> <span class='ocrx_word' id='word_1_115' title='bbox 1044 1280 1142 1359; x_wconf 90' lang='lat' dir='ltr'>primo</span> <span class='ocrx_word' id='word_1_116' title='bbox 1155 1279 1201 1339; x_wconf 90' lang='lat' dir='ltr'>sni</span> 
     </span>
     <span class='ocr_line' id='line_1_13' title="bbox 124 1362 1203 1446; baseline 0.001 -23"><span class='ocrx_word' id='word_1_117' title='bbox 124 1362 252 1424; x_wconf 81' lang='lat' dir='ltr'>incessu</span> <span class='ocrx_word' id='word_1_118' title='bbox 274 1363 362 1422; x_wconf 90' lang='lat' dir='ltr'>solvit</span> <span class='ocrx_word' id='word_1_119' title='bbox 384 1363 530 1424; x_wconf 90' lang='lat' dir='ltr'>obsidium</span> <span class='ocrx_word' id='word_1_120' title='bbox 547 1364 740 1446; x_wconf 88' lang='lat' dir='ltr'>locorumque</span> <span class='ocrx_word' id='word_1_121' title='bbox 756 1373 925 1443; x_wconf 91' lang='lat' dir='ltr'>opportuna</span> <span class='ocrx_word' id='word_1_122' title='bbox 940 1365 1137 1443; x_wconf 83' lang='lat' dir='ltr'>permunivit3</span> <span class='ocrx_word' id='word_1_123' title='bbox 1161 1363 1203 1424; x_wconf 91' lang='lat' dir='ltr'>si·</span> 
     </span>
     <span class='ocr_line' id='line_1_14' title="bbox 127 1446 1202 1529; baseline -0.003 -18"><span class='ocrx_word' id='word_1_124' title='bbox 127 1446 197 1511; x_wconf 84' lang='lat' dir='ltr'>mul</span> <span class='ocrx_word' id='word_1_125' title='bbox 211 1447 360 1526; x_wconf 89' lang='lat' dir='ltr'>principes</span> <span class='ocrx_word' id='word_1_126' title='bbox 372 1446 617 1509; x_wconf 87' lang='lat' dir='ltr'>Musulamiorum</span> <span class='ocrx_word' id='word_1_127' title='bbox 629 1449 826 1510; x_wconf 90' lang='lat' dir='ltr'>defectionem</span> <span class='ocrx_word' id='word_1_128' title='bbox 840 1457 1012 1529; x_wconf 89' lang='lat' dir='ltr'>coeptantes</span> <span class='ocrx_word' id='word_1_129' title='bbox 1022 1449 1120 1509; x_wconf 89' lang='lat' dir='ltr'>securi</span> <span class='ocrx_word' id='word_1_130' title='bbox 1132 1467 1202 1527; x_wconf 90' lang='lat' dir='ltr'>per-</span> 
     </span>
     <span class='ocr_line' id='line_1_15' title="bbox 127 1531 1202 1613; baseline 0.001 -20"><span class='ocrx_word' id='word_1_131' title='bbox 127 1531 216 1593; x_wconf 87' lang='lat' dir='ltr'>cutit.</span> <span class='ocrx_word' id='word_1_132' title='bbox 239 1531 322 1604; x_wconf 87' lang='lat' dir='ltr'>Dein,</span> <span class='ocrx_word' id='word_1_133' title='bbox 336 1532 404 1611; x_wconf 93' lang='lat' dir='ltr'>quia</span> <span class='ocrx_word' id='word_1_134' title='bbox 415 1532 551 1611; x_wconf 91' lang='lat' dir='ltr'>pluribus</span> <span class='ocrx_word' id='word_1_135' title='bbox 563 1532 719 1594; x_wconf 87' lang='lat' dir='ltr'>adversum</span> <span class='ocrx_word' id='word_1_136' title='bbox 731 1534 947 1595; x_wconf 82' lang='lat' dir='ltr'>Tacfarinatem</span> <span class='ocrx_word' id='word_1_137' title='bbox 960 1531 1202 1613; x_wconf 86' lang='lat' dir='ltr'>expeditionibus</span> 
     </span>
    </p>

    <p class='ocr_par' dir='ltr' id='par_1_5' title="bbox 79 1615 1203 1783">
     <span class='ocr_line' id='line_1_16' title="bbox 79 1615 1202 1696; baseline 0.006 -25"><span class='ocrx_word' id='word_1_138' title='bbox 79 1616 107 1671; x_wconf 77' lang='lat' dir='ltr'>lb</span> <span class='ocrx_word' id='word_1_139' title='bbox 126 1615 283 1695; x_wconf 81' lang='lat' dir='ltr'>cognitum</span> <span class='ocrx_word' id='word_1_140' title='bbox 300 1635 361 1677; x_wconf 94' lang='lat' dir='ltr'>non</span> <span class='ocrx_word' id='word_1_141' title='bbox 376 1617 455 1696; x_wconf 81' lang='lat' dir='ltr'>gravi</span> <span class='ocrx_word' id='word_1_142' title='bbox 471 1635 526 1677; x_wconf 94' lang='lat' dir='ltr'>nec</span> <span class='ocrx_word' id='word_1_143' title='bbox 542 1637 602 1678; x_wconf 91' lang='lat' dir='ltr'>uno</span> <span class='ocrx_word' id='word_1_144' title='bbox 618 1618 741 1679; x_wconf 90' lang='lat' dir='ltr'>incursu</span> <span class='ocrx_word' id='word_1_145' title='bbox 759 1619 991 1680; x_wconf 86' lang='lat' dir='ltr'>consectandum</span> <span class='ocrx_word' id='word_1_146' title='bbox 1014 1618 1132 1678; x_wconf 88' lang='lat' dir='ltr'>bostem</span> <span class='ocrx_word' id='word_1_147' title='bbox 1148 1637 1202 1678; x_wconf 87' lang='lat' dir='ltr'>va-</span> 
     </span>
     <span class='ocr_line' id='line_1_17' title="bbox 125 1702 1203 1783; baseline 0.001 -22"><span class='ocrx_word' id='word_1_148' title='bbox 125 1718 210 1781; x_wconf 76' lang='lat' dir='ltr'>gum,</span> <span class='ocrx_word' id='word_1_149' title='bbox 238 1702 332 1762; x_wconf 85' lang='lat' dir='ltr'>excito</span> <span class='ocrx_word' id='word_1_150' title='bbox 356 1720 424 1762; x_wconf 90' lang='lat' dir='ltr'>curu</span> <span class='ocrx_word' id='word_1_151' title='bbox 446 1702 639 1781; x_wconf 89' lang='lat' dir='ltr'>popularibus</span> <span class='ocrx_word' id='word_1_152' title='bbox 654 1721 723 1782; x_wconf 85' lang='lat' dir='ltr'>rege</span> <span class='ocrx_word' id='word_1_153' title='bbox 739 1703 911 1765; x_wconf 89' lang='lat' dir='ltr'>Ptolemaeo</span> <span class='ocrx_word' id='word_1_154' title='bbox 927 1711 1069 1783; x_wconf 91' lang='lat' dir='ltr'>quattuor</span> <span class='ocrx_word' id='word_1_155' title='bbox 1084 1702 1203 1781; x_wconf 85' lang='lat' dir='ltr'>agmina</span> 
     </span>
    </p>

    <p class='ocr_par' dir='ltr' id='par_1_6' title="bbox 82 1786 1259 1950">
     <span class='ocr_line' id='line_1_18' title="bbox 82 1786 1203 1868; baseline 0.001 -22"><span class='ocrx_word' id='word_1_156' title='bbox 82 1786 87 1803; x_wconf 93' lang='lat'>&#39;</span> <span class='ocrx_word' id='word_1_157' title='bbox 125 1793 224 1867; x_wconf 88' lang='lat' dir='ltr'>parat,</span> <span class='ocrx_word' id='word_1_158' title='bbox 236 1805 312 1866; x_wconf 88' lang='lat' dir='ltr'>quae</span> <span class='ocrx_word' id='word_1_159' title='bbox 324 1787 425 1866; x_wconf 83' lang='lat' dir='ltr'>legatis</span> <span class='ocrx_word' id='word_1_160' title='bbox 436 1794 487 1847; x_wconf 91' lang='lat' dir='ltr'>ant</span> <span class='ocrx_word' id='word_1_161' title='bbox 498 1786 624 1848; x_wconf 90' lang='lat' dir='ltr'>tribunis</span> <span class='ocrx_word' id='word_1_162' title='bbox 637 1788 721 1862; x_wconf 81' lang='lat' dir='ltr'>data3</span> <span class='ocrx_word' id='word_1_163' title='bbox 734 1795 764 1849; x_wconf 92' lang='lat' dir='ltr'>et</span> <span class='ocrx_word' id='word_1_164' title='bbox 771 1789 971 1868; x_wconf 90' lang='lat' dir='ltr'>praedatorias</span> <span class='ocrx_word' id='word_1_165' title='bbox 980 1807 1087 1851; x_wconf 91' lang='lat' dir='ltr'>manns</span> <span class='ocrx_word' id='word_1_166' title='bbox 1097 1788 1203 1849; x_wconf 90' lang='lat' dir='ltr'>delecti</span> 
     </span>
     <span class='ocr_line' id='line_1_19' title="bbox 126 1870 1259 1950; baseline -0.002 -17"><span class='ocrx_word' id='word_1_167' title='bbox 126 1870 302 1941; x_wconf 78' lang='lat' dir='ltr'>Maurorum</span> <span class='ocrx_word' id='word_1_168' title='bbox 318 1871 442 1932; x_wconf 79' lang='lat' dir='ltr'>duxere:</span> <span class='ocrx_word' id='word_1_169' title='bbox 465 1872 528 1950; x_wconf 89' lang='lat' dir='ltr'>ipse</span> <span class='ocrx_word' id='word_1_170' title='bbox 551 1874 705 1934; x_wconf 91' lang='lat' dir='ltr'>consultor</span> <span class='ocrx_word' id='word_1_171' title='bbox 727 1875 829 1935; x_wconf 89' lang='lat' dir='ltr'>aderat</span> <span class='ocrx_word' id='word_1_172' title='bbox 846 1874 996 1934; x_wconf 89' lang='lat' dir='ltr'>omnibus.</span> <span class='ocrx_word' id='word_1_173' title='bbox 1031 1873 1093 1935; x_wconf 90' lang='lat' dir='ltr'>Nec</span> <span class='ocrx_word' id='word_1_174' title='bbox 1108 1873 1202 1933; x_wconf 89' lang='lat' dir='ltr'>multo</span> <span class='ocrx_word' id='word_1_175' title='bbox 1217 1889 1259 1946; x_wconf 72' lang='lat'>25</span> 
     </span>
    </p>
   </div>
   <div class='ocr_carea' id='block_1_3' title="bbox 122 2006 1201 3976">
    <p class='ocr_par' dir='ltr' id='par_1_7' title="bbox 122 2006 1200 3348">
     <span class='ocr_line' id='line_1_20' title="bbox 126 2006 1199 2074; baseline -0.001 -15"><span class='ocrx_word' id='word_1_176' title='bbox 126 2022 176 2059; x_wconf 74' lang='lat' dir='ltr'>ars</span> <span class='ocrx_word' id='word_1_177' title='bbox 197 2006 338 2058; x_wconf 83' lang='lat' dir='ltr'>derFeme</span> <span class='ocrx_word' id='word_1_178' title='bbox 360 2009 557 2070; x_wconf 80' lang='lat' dir='ltr'>vergrbsserte&#39;.</span> <span class='ocrx_word' id='word_1_179' title='bbox 582 2010 638 2059; x_wconf 85' lang='lat' dir='ltr'>Au·</span> <span class='ocrx_word' id='word_1_180' title='bbox 728 2011 752 2060; x_wconf 89' lang='lat'>3.</span> <span class='ocrx_word' id='word_1_181' title='bbox 771 2009 867 2060; x_wconf 80' lang='lat' dir='ltr'>nonam</span> <span class='ocrx_word' id='word_1_182' title='bbox 882 2011 1017 2074; x_wconf 78' lang='lat' dir='ltr'>legionem.</span> <span class='ocrx_word' id='word_1_183' title='bbox 1048 2008 1073 2059; x_wconf 90' lang='lat' dir='ltr'>S.</span> <span class='ocrx_word' id='word_1_184' title='bbox 1092 2007 1133 2059; x_wconf 93' lang='lat' dir='ltr'>lll.</span> <span class='ocrx_word' id='word_1_185' title='bbox 1146 2010 1161 2058; x_wconf 87' lang='grc'>9</span> <span class='ocrx_word' id='word_1_186' title='bbox 1174 2027 1199 2058; x_wconf 93' lang='lat' dir='ltr'>n.</span> 
     </span>
     <span class='ocr_line' id='line_1_21' title="bbox 124 2074 818 2139; baseline 0.003 -13"><span class='ocrx_word' id='word_1_187' title='bbox 124 2074 188 2126; x_wconf 76' lang='lat' dir='ltr'>dior</span> <span class='ocrx_word' id='word_1_188' title='bbox 197 2075 223 2124; x_wconf 91' lang='lat' dir='ltr'>in</span> <span class='ocrx_word' id='word_1_189' title='bbox 232 2077 278 2125; x_wconf 89' lang='lat' dir='ltr'>der</span> <span class='ocrx_word' id='word_1_190' title='bbox 288 2075 435 2139; x_wconf 83' lang='lat' dir='ltr'>Bedeutung</span> <span class='ocrx_word' id='word_1_191' title='bbox 445 2076 509 2125; x_wconf 89' lang='lat' dir='ltr'>‘man</span> <span class='ocrx_word' id='word_1_192' title='bbox 519 2077 578 2125; x_wconf 84' lang='lat' dir='ltr'>ho&#39;rt</span> <span class='ocrx_word' id='word_1_193' title='bbox 588 2093 637 2126; x_wconf 89' lang='lat' dir='ltr'>von</span> <span class='ocrx_word' id='word_1_194' title='bbox 693 2094 725 2127; x_wconf 91' lang='lat' dir='ltr'>zu</span> <span class='ocrx_word' id='word_1_195' title='bbox 738 2077 778 2127; x_wconf 87' lang='lat' dir='ltr'>lv.</span> <span class='ocrx_word' id='word_1_196' title='bbox 794 2080 818 2128; x_wconf 84' lang='lat'><strong>5.</strong></span> 
     </span>
     <span class='ocr_line' id='line_1_22' title="bbox 126 2141 1199 2210; baseline -0.002 -16"><span class='ocrx_word' id='word_1_197' title='bbox 126 2143 185 2195; x_wconf 83' lang='lat' dir='ltr'>mir’</span> <span class='ocrx_word' id='word_1_198' title='bbox 204 2144 255 2194; x_wconf 84' lang='lat' dir='ltr'>wie</span> <span class='ocrx_word' id='word_1_199' title='bbox 267 2141 296 2194; x_wconf 88' lang='lat' dir='ltr'>ll.</span> <span class='ocrx_word' id='word_1_200' title='bbox 308 2143 341 2193; x_wconf 88' lang='grc'>68</span> <span class='ocrx_word' id='word_1_201' title='bbox 362 2143 451 2194; x_wconf 84' lang='lat' dir='ltr'>audita</span> <span class='ocrx_word' id='word_1_202' title='bbox 471 2147 542 2208; x_wconf 75' lang='lat' dir='ltr'>regis</span> <span class='ocrx_word' id='word_1_203' title='bbox 555 2146 637 2210; x_wconf 73' lang='lat' dir='ltr'>suga.</span> <span class='ocrx_word' id='word_1_204' title='bbox 727 2147 751 2194; x_wconf 91' lang='lat'><strong>4.</strong></span> <span class='ocrx_word' id='word_1_205' title='bbox 771 2145 801 2194; x_wconf 88' lang='lat' dir='ltr'>P.</span> <span class='ocrx_word' id='word_1_206' title='bbox 823 2144 962 2194; x_wconf 83' lang='lat' dir='ltr'>Dolabella.</span> <span class='ocrx_word' id='word_1_207' title='bbox 999 2144 1024 2194; x_wconf 88' lang='lat' dir='ltr'>S.</span> <span class='ocrx_word' id='word_1_208' title='bbox 1046 2160 1078 2193; x_wconf 89' lang='lat' dir='ltr'>zu</span> <span class='ocrx_word' id='word_1_209' title='bbox 1098 2141 1138 2193; x_wconf 88' lang='lat' dir='ltr'>lll.</span> <span class='ocrx_word' id='word_1_210' title='bbox 1157 2144 1199 2193; x_wconf 90' lang='grc'>47.</span> 
     </span>
     <span class='ocr_line' id='line_1_23' title="bbox 127 2210 1199 2274; baseline -0.001 -12"><span class='ocrx_word' id='word_1_211' title='bbox 127 2210 268 2262; x_wconf 80' lang='lat' dir='ltr'>82audita</span> <span class='ocrx_word' id='word_1_212' title='bbox 284 2224 363 2261; x_wconf 79' lang='lat' dir='ltr'>mors.</span> <span class='ocrx_word' id='word_1_213' title='bbox 381 2210 447 2261; x_wconf 91' lang='lat' dir='ltr'>Xlll.</span> <span class='ocrx_word' id='word_1_214' title='bbox 461 2213 477 2260; x_wconf 91' lang='lat'><strong>4</strong></span> <span class='ocrx_word' id='word_1_215' title='bbox 490 2211 637 2261; x_wconf 73' lang='lat' dir='ltr'>audiiisin-</span> <span class='ocrx_word' id='word_1_216' title='bbox 693 2212 747 2262; x_wconf 82' lang='lat' dir='ltr'>Ans</span> <span class='ocrx_word' id='word_1_217' title='bbox 768 2213 863 2263; x_wconf 83' lang='lat' dir='ltr'>scirem</span> <span class='ocrx_word' id='word_1_218' title='bbox 886 2212 1057 2262; x_wconf 89' lang='lat' dir='ltr'>Proconsulnt</span> <span class='ocrx_word' id='word_1_219' title='bbox 1086 2211 1142 2274; x_wconf 82' lang='lat' dir='ltr'>gibt</span> <span class='ocrx_word' id='word_1_220' title='bbox 1172 2226 1199 2261; x_wconf 91' lang='lat' dir='ltr'>es</span> 
     </span>
     <span class='ocr_line' id='line_1_24' title="bbox 124 2277 1200 2344; baseline -0.001 -14"><span class='ocrx_word' id='word_1_221' title='bbox 124 2277 213 2330; x_wconf 58' lang='lat' dir='ltr'>cidiis.</span> <span class='ocrx_word' id='word_1_222' title='bbox 232 2278 262 2329; x_wconf 88' lang='grc' dir='ltr'>Η.</span> <span class='ocrx_word' id='word_1_223' title='bbox 271 2277 289 2329; x_wconf 89' lang='lat' dir='ltr'>l.</span> <span class='ocrx_word' id='word_1_224' title='bbox 300 2279 333 2329; x_wconf 84' lang='lat'>30</span> <span class='ocrx_word' id='word_1_225' title='bbox 345 2277 475 2344; x_wconf 76' lang='lat' dir='ltr'>legionum</span> <span class='ocrx_word' id='word_1_226' title='bbox 484 2279 575 2329; x_wconf 82' lang='lat' dir='ltr'>seditio</span> <span class='ocrx_word' id='word_1_227' title='bbox 588 2294 638 2329; x_wconf 86' lang='lat' dir='ltr'>au·</span> <span class='ocrx_word' id='word_1_228' title='bbox 692 2280 800 2330; x_wconf 86' lang='lat' dir='ltr'>bliinzen</span> <span class='ocrx_word' id='word_1_229' title='bbox 820 2295 866 2329; x_wconf 84' lang='lat' dir='ltr'>aus</span> <span class='ocrx_word' id='word_1_230' title='bbox 884 2279 973 2330; x_wconf 80' lang='lat' dir='ltr'>Africa</span> <span class='ocrx_word' id='word_1_231' title='bbox 998 2279 1046 2330; x_wconf 83' lang='lat' dir='ltr'>mit</span> <span class='ocrx_word' id='word_1_232' title='bbox 1072 2278 1119 2328; x_wconf 89' lang='lat' dir='ltr'>der</span> <span class='ocrx_word' id='word_1_233' title='bbox 1136 2277 1200 2329; x_wconf 76' lang='lat' dir='ltr'>nut-</span> 
     </span>
     <span class='ocr_line' id='line_1_25' title="bbox 127 2345 1200 2414; baseline -0.003 -16"><span class='ocrx_word' id='word_1_234' title='bbox 127 2346 186 2399; x_wconf 73' lang='lat' dir='ltr'>dita</span> <span class='ocrx_word' id='word_1_235' title='bbox 197 2351 239 2397; x_wconf 76' lang='lat' dir='ltr'>eat</span> <span class='ocrx_word' id='word_1_236' title='bbox 249 2345 392 2412; x_wconf 76' lang='lat' dir='ltr'>aliquando.</span> <span class='ocrx_word' id='word_1_237' title='bbox 421 2348 453 2397; x_wconf 87' lang='grc'>76</span> <span class='ocrx_word' id='word_1_238' title='bbox 473 2351 639 2414; x_wconf 75' lang='lat' dir='ltr'>occupaverat</span> <span class='ocrx_word' id='word_1_239' title='bbox 692 2346 786 2398; x_wconf 84' lang='lat' dir='ltr'>schrift</span> <span class='ocrx_word' id='word_1_240' title='bbox 794 2349 942 2414; x_wconf 73' lang='lat' dir='ltr'>permislsul</span> <span class='ocrx_word' id='word_1_241' title='bbox 961 2348 991 2397; x_wconf 85' lang='lat' dir='ltr'><strong>P.</strong></span> <span class='ocrx_word' id='word_1_242' title='bbox 1013 2346 1112 2396; x_wconf 85' lang='lat' dir='ltr'>Corneli</span> <span class='ocrx_word' id='word_1_243' title='bbox 1122 2345 1200 2395; x_wconf 81' lang='lat' dir='ltr'>Dolo—</span> 
     </span>
     <span class='ocr_line' id='line_1_26' title="bbox 123 2413 1198 2481; baseline -0.002 -16"><span class='ocrx_word' id='word_1_244' title='bbox 123 2417 232 2466; x_wconf 78' lang='lat' dir='ltr'>am&#39;mos</span> <span class='ocrx_word' id='word_1_245' title='bbox 246 2413 491 2481; x_wconf 79' lang='lat' dir='ltr'>prioruuditus.ll.</span> <span class='ocrx_word' id='word_1_246' title='bbox 511 2414 639 2464; x_wconf 78' lang='lat' dir='ltr'>bauddi·</span> <span class='ocrx_word' id='word_1_247' title='bbox 693 2413 828 2481; x_wconf 85' lang='lat' dir='ltr'>bellaepro</span> <span class='ocrx_word' id='word_1_248' title='bbox 841 2430 890 2465; x_wconf 77' lang='lat' dir='ltr'>cos.</span> <span class='ocrx_word' id='word_1_249' title='bbox 916 2415 994 2464; x_wconf 85' lang='lat' dir='ltr'>Eckb.</span> <span class='ocrx_word' id='word_1_250' title='bbox 1012 2415 1035 2464; x_wconf 92' lang='lat' dir='ltr'>d.</span> <span class='ocrx_word' id='word_1_251' title='bbox 1048 2413 1127 2465; x_wconf 69' lang='lat' dir='ltr'>niv.</span> <span class='ocrx_word' id='word_1_252' title='bbox 1143 2413 1198 2463; x_wconf 85' lang='grc'><strong>142.</strong></span> 
     </span>
     <span class='ocr_line' id='line_1_27' title="bbox 126 2481 1199 2550; baseline 0.001 -18"><span class='ocrx_word' id='word_1_253' title='bbox 126 2498 177 2549; x_wconf 70' lang='lat' dir='ltr'>que</span> <span class='ocrx_word' id='word_1_254' title='bbox 186 2485 291 2550; x_wconf 79' lang='lat' dir='ltr'>saepius</span> <span class='ocrx_word' id='word_1_255' title='bbox 301 2484 329 2532; x_wconf 84' lang='lat' dir='ltr'>ire</span> <span class='ocrx_word' id='word_1_256' title='bbox 340 2481 418 2549; x_wconf 76' lang='lat' dir='ltr'>Syria</span> <span class='ocrx_word' id='word_1_257' title='bbox 424 2481 568 2549; x_wconf 80' lang='lat' dir='ltr'>Iudaeaque</span> <span class='ocrx_word' id='word_1_258' title='bbox 576 2482 638 2533; x_wconf 84' lang='lat' dir='ltr'>Cae·</span> <span class='ocrx_word' id='word_1_259' title='bbox 692 2482 788 2534; x_wconf 85' lang='lat' dir='ltr'>Mionn.</span> <span class='ocrx_word' id='word_1_260' title='bbox 800 2482 840 2532; x_wconf 89' lang='lat' dir='ltr'>Vl.</span> <span class='ocrx_word' id='word_1_261' title='bbox 848 2483 906 2533; x_wconf 87' lang='lat'><strong>584.</strong></span> <span class='ocrx_word' id='word_1_262' title='bbox 918 2481 1199 2546; x_wconf 80' lang='lat' dir='ltr'>Wegenunhelannter</span> 
     </span>
     <span class='ocr_line' id='line_1_28' title="bbox 122 2549 1199 2686; baseline -0.002 -16"><span class='ocrx_word' id='word_1_263' title='bbox 122 2549 638 2686; x_wconf 48' lang='lat' dir='ltr'>immitti‘tthtttfttt</span> <span class='ocrx_word' id='word_1_264' title='bbox 692 2550 1199 2670; x_wconf 63' lang='lat' dir='ltr'>blitildistlttltttitt</span> 
     </span>
     <span class='ocr_line' id='line_1_29' title="bbox 125 2685 1196 2751; baseline -0.005 -12"><span class='ocrx_word' id='word_1_265' title='bbox 125 2685 350 2739; x_wconf 61' lang='lat' dir='ltr'>mamburnum</span> <span class='ocrx_word' id='word_1_266' title='bbox 369 2690 394 2736; x_wconf 87' lang='lat' dir='ltr'>et</span> <span class='ocrx_word' id='word_1_267' title='bbox 411 2688 639 2751; x_wconf 71' lang='lat' dir='ltr'>pmdragest&#39;rrmm</span> <span class='ocrx_word' id='word_1_268' title='bbox 692 2686 900 2736; x_wconf 83' lang='lat' dir='ltr'>consularischen</span> <span class='ocrx_word' id='word_1_269' title='bbox 914 2685 1025 2735; x_wconf 88' lang='lat' dir='ltr'>Provinz</span> <span class='ocrx_word' id='word_1_270' title='bbox 1043 2685 1196 2747; x_wconf 77' lang='lat' dir='ltr'>gelrommen.</span> 
     </span>
     <span class='ocr_line' id='line_1_30' title="bbox 122 2752 1072 2821; baseline -0.004 -16"><span class='ocrx_word' id='word_1_271' title='bbox 122 2769 227 2805; x_wconf 70' lang='lat' dir='ltr'>anuum</span> <span class='ocrx_word' id='word_1_272' title='bbox 235 2755 297 2804; x_wconf 78' lang='lat' dir='ltr'>urbs</span> <span class='ocrx_word' id='word_1_273' title='bbox 305 2759 394 2805; x_wconf 76' lang='lat' dir='ltr'>nostru</span> <span class='ocrx_word' id='word_1_274' title='bbox 402 2757 503 2820; x_wconf 78' lang='lat' dir='ltr'>agebat,</span> <span class='ocrx_word' id='word_1_275' title='bbox 514 2769 572 2804; x_wconf 85' lang='lat' dir='ltr'>cum</span> <span class='ocrx_word' id='word_1_276' title='bbox 580 2757 637 2821; x_wconf 88' lang='lat' dir='ltr'>pri·</span> <span class='ocrx_word' id='word_1_277' title='bbox 692 2752 730 2804; x_wconf 89' lang='lat' dir='ltr'>lll.</span> <span class='ocrx_word' id='word_1_278' title='bbox 746 2755 788 2804; x_wconf 85' lang='lat'><strong>58.</strong></span> <span class='ocrx_word' id='word_1_279' title='bbox 801 2755 842 2805; x_wconf 90' lang='grc'>71.</span> <span class='ocrx_word' id='word_1_280' title='bbox 861 2754 919 2817; x_wconf 83' lang='lat' dir='ltr'><strong>Vgl.</strong></span> <span class='ocrx_word' id='word_1_281' title='bbox 933 2771 965 2803; x_wconf 93' lang='lat' dir='ltr'>zu</span> <span class='ocrx_word' id='word_1_282' title='bbox 979 2752 1017 2805; x_wconf 89' lang='lat' dir='ltr'>lll.</span> <span class='ocrx_word' id='word_1_283' title='bbox 1031 2753 1072 2802; x_wconf 89' lang='grc'>32.</span> 
     </span>
     <span class='ocr_line' id='line_1_31' title="bbox 123 2813 1197 2875; baseline -0.005 0"><span class='ocrx_word' id='word_1_284' title='bbox 123 2821 373 2875; x_wconf 68' lang='lat' dir='ltr'>mmdimbmrum</span> <span class='ocrx_word' id='word_1_285' title='bbox 386 2822 636 2873; x_wconf 83' lang='lat' dir='ltr'>auditasuutcrma.</span> <span class='ocrx_word' id='word_1_286' title='bbox 726 2813 778 2872; x_wconf 79' lang='grc'>24.</span> <span class='ocrx_word' id='word_1_287' title='bbox 798 2823 822 2873; x_wconf 88' lang='grc'>9.</span> <span class='ocrx_word' id='word_1_288' title='bbox 843 2819 1040 2872; x_wconf 78' lang='lat' dir='ltr'>Thubursicum.</span> <span class='ocrx_word' id='word_1_289' title='bbox 1067 2820 1115 2870; x_wconf 87' lang='lat' dir='ltr'>Die</span> <span class='ocrx_word' id='word_1_290' title='bbox 1136 2819 1197 2870; x_wconf 87' lang='lat' dir='ltr'>llds.</span> 
     </span>
     <span class='ocr_line' id='line_1_32' title="bbox 124 2887 1198 2956; baseline -0.004 -13"><span class='ocrx_word' id='word_1_291' title='bbox 124 2891 161 2943; x_wconf 87' lang='grc'>41</span> <span class='ocrx_word' id='word_1_292' title='bbox 174 2890 272 2956; x_wconf 72' lang='lat' dir='ltr'>fiunem</span> <span class='ocrx_word' id='word_1_293' title='bbox 283 2889 402 2940; x_wconf 74' lang='lat' dir='ltr'>iccillum</span> <span class='ocrx_word' id='word_1_294' title='bbox 413 2895 437 2940; x_wconf 86' lang='lat' dir='ltr'>at</span> <span class='ocrx_word' id='word_1_295' title='bbox 452 2895 545 2941; x_wconf 79' lang='lat' dir='ltr'>nctrcm</span> <span class='ocrx_word' id='word_1_296' title='bbox 563 2889 637 2951; x_wconf 85' lang='lat' dir='ltr'>olim,·</span> <span class='ocrx_word' id='word_1_297' title='bbox 695 2887 864 2953; x_wconf 78' lang='lat' dir='ltr'>Thubuscum,</span> <span class='ocrx_word' id='word_1_298' title='bbox 882 2890 923 2939; x_wconf 91' lang='lat' dir='ltr'>ein</span> <span class='ocrx_word' id='word_1_299' title='bbox 940 2905 1004 2952; x_wconf 69' lang='lat' dir='ltr'>ganz</span> <span class='ocrx_word' id='word_1_300' title='bbox 1022 2889 1198 2939; x_wconf 85' lang='lat' dir='ltr'>unbekanntcr</span> 
     </span>
     <span class='ocr_line' id='line_1_33' title="bbox 126 2955 1198 3022; baseline -0.004 -13"><span class='ocrx_word' id='word_1_301' title='bbox 126 2956 431 3009; x_wconf 76' lang='lat' dir='ltr'>meumeneaaiuur.</span> <span class='ocrx_word' id='word_1_302' title='bbox 448 2960 477 3010; x_wconf 84' lang='lat' dir='ltr'>ll.</span> <span class='ocrx_word' id='word_1_303' title='bbox 490 2959 503 3006; x_wconf 90' lang='grc'><strong>7</strong></span> <span class='ocrx_word' id='word_1_304' title='bbox 517 2958 637 3008; x_wconf 84' lang='lat' dir='ltr'>Aduenae</span> <span class='ocrx_word' id='word_1_305' title='bbox 691 2957 747 3008; x_wconf 89' lang='lat' dir='ltr'>Ort.</span> <span class='ocrx_word' id='word_1_306' title='bbox 767 2957 884 3022; x_wconf 80' lang='lat' dir='ltr'>Dagegen</span> <span class='ocrx_word' id='word_1_307' title='bbox 892 2957 969 3007; x_wconf 86' lang='lat' dir='ltr'>findet</span> <span class='ocrx_word' id='word_1_308' title='bbox 975 2957 1031 3006; x_wconf 88' lang='lat' dir='ltr'>sich</span> <span class='ocrx_word' id='word_1_309' title='bbox 1043 2955 1085 3006; x_wconf 91' lang='lat' dir='ltr'>hei</span> <span class='ocrx_word' id='word_1_310' title='bbox 1094 2956 1198 3021; x_wconf 84' lang='lat' dir='ltr'>spiitern</span> 
     </span>
     <span class='ocr_line' id='line_1_34' title="bbox 124 3021 1197 3093; baseline -0.002 -17"><span class='ocrx_word' id='word_1_311' title='bbox 124 3040 226 3093; x_wconf 70' lang='lat' dir='ltr'>quoque</span> <span class='ocrx_word' id='word_1_312' title='bbox 237 3028 290 3076; x_wconf 79' lang='lat' dir='ltr'>ium</span> <span class='ocrx_word' id='word_1_313' title='bbox 301 3027 328 3075; x_wconf 85' lang='lat' dir='ltr'>in</span> <span class='ocrx_word' id='word_1_314' title='bbox 340 3028 489 3092; x_wconf 82' lang='lat' dir='ltr'>municipiis</span> <span class='ocrx_word' id='word_1_315' title='bbox 498 3030 554 3076; x_wconf 79' lang='lat' dir='ltr'>suis</span> <span class='ocrx_word' id='word_1_316' title='bbox 562 3025 637 3075; x_wconf 85' lang='lat' dir='ltr'>audi·</span> <span class='ocrx_word' id='word_1_317' title='bbox 690 3022 940 3076; x_wconf 87' lang='lat' dir='ltr'>Schriftstellernoft</span> <span class='ocrx_word' id='word_1_318' title='bbox 949 3023 1133 3075; x_wconf 78' lang='lat' dir='ltr'>Thubursicum</span> <span class='ocrx_word' id='word_1_319' title='bbox 1141 3021 1197 3074; x_wconf 86' lang='lat' dir='ltr'>Nu·</span> 
     </span>
     <span class='ocr_line' id='line_1_35' title="bbox 125 3090 1199 3159; baseline -0.002 -15"><span class='ocrx_word' id='word_1_320' title='bbox 125 3098 177 3159; x_wconf 77' lang='lat' dir='ltr'>tce,</span> <span class='ocrx_word' id='word_1_321' title='bbox 188 3109 247 3144; x_wconf 87' lang='lat' dir='ltr'>cum</span> <span class='ocrx_word' id='word_1_322' title='bbox 258 3095 374 3159; x_wconf 82' lang='lat' dir='ltr'>primum</span> <span class='ocrx_word' id='word_1_323' title='bbox 385 3095 473 3145; x_wconf 87' lang='lat' dir='ltr'>urbem</span> <span class='ocrx_word' id='word_1_324' title='bbox 485 3097 637 3159; x_wconf 79' lang='lat' dir='ltr'>attigerunt,</span> <span class='ocrx_word' id='word_1_325' title='bbox 690 3092 821 3144; x_wconf 74' lang='lat' dir='ltr'>mitiorum</span> <span class='ocrx_word' id='word_1_326' title='bbox 831 3094 892 3143; x_wconf 87' lang='lat' dir='ltr'>odor</span> <span class='ocrx_word' id='word_1_327' title='bbox 901 3096 927 3142; x_wconf 84' lang='lat' dir='ltr'>ia</span> <span class='ocrx_word' id='word_1_328' title='bbox 938 3090 1063 3144; x_wconf 82' lang='lat' dir='ltr'>Numidia</span> <span class='ocrx_word' id='word_1_329' title='bbox 1072 3092 1199 3154; x_wconf 85' lang='lat' dir='ltr'>erwiihnt,</span> 
     </span>
     <span class='ocr_line' id='line_1_36' title="bbox 124 3159 1198 3229; baseline -0.001 -17"><span class='ocrx_word' id='word_1_330' title='bbox 124 3163 270 3229; x_wconf 73' lang='lat' dir='ltr'>requirunt.</span> <span class='ocrx_word' id='word_1_331' title='bbox 293 3161 346 3212; x_wconf 88' lang='lat' dir='ltr'>Cic.</span> <span class='ocrx_word' id='word_1_332' title='bbox 364 3161 394 3210; x_wconf 88' lang='lat' dir='ltr'>de</span> <span class='ocrx_word' id='word_1_333' title='bbox 413 3179 437 3211; x_wconf 88' lang='lat' dir='ltr'>n.</span> <span class='ocrx_word' id='word_1_334' title='bbox 457 3162 480 3211; x_wconf 94' lang='lat' dir='ltr'>d.</span> <span class='ocrx_word' id='word_1_335' title='bbox 494 3160 523 3211; x_wconf 93' lang='lat' dir='ltr'>ll.</span> <span class='ocrx_word' id='word_1_336' title='bbox 537 3162 590 3225; x_wconf 80' lang='lat'>2‚6</span> <span class='ocrx_word' id='word_1_337' title='bbox 608 3176 636 3211; x_wconf 88' lang='lat' dir='ltr'>eo</span> <span class='ocrx_word' id='word_1_338' title='bbox 691 3176 719 3210; x_wconf 94' lang='lat' dir='ltr'>so</span> <span class='ocrx_word' id='word_1_339' title='bbox 741 3169 853 3226; x_wconf 78' lang='lat' dir='ltr'>genennt</span> <span class='ocrx_word' id='word_1_340' title='bbox 873 3176 929 3210; x_wconf 87' lang='lat' dir='ltr'>zum</span> <span class='ocrx_word' id='word_1_341' title='bbox 947 3159 1130 3212; x_wconf 89' lang='lat' dir='ltr'>Unterschiede</span> <span class='ocrx_word' id='word_1_342' title='bbox 1147 3176 1198 3211; x_wconf 85' lang='lat' dir='ltr'>von</span> 
     </span>
     <span class='ocr_line' id='line_1_37' title="bbox 123 3225 1198 3348; baseline -0.001 -70"><span class='ocrx_word' id='word_1_343' title='bbox 123 3231 184 3348; x_wconf 57' lang='lat' dir='ltr'>mo</span> <span class='ocrx_word' id='word_1_344' title='bbox 197 3227 367 3279; x_wconf 66' lang='lat' dir='ltr'>mosaeam</span> <span class='ocrx_word' id='word_1_345' title='bbox 383 3246 438 3279; x_wconf 80' lang='lat' dir='ltr'>csse</span> <span class='ocrx_word' id='word_1_346' title='bbox 454 3244 511 3278; x_wconf 83' lang='lat' dir='ltr'>oum</span> <span class='ocrx_word' id='word_1_347' title='bbox 520 3244 637 3296; x_wconf 77' lang='lat' dir='ltr'>pugnum</span> <span class='ocrx_word' id='word_1_348' title='bbox 693 3225 882 3279; x_wconf 77' lang='lat' dir='ltr'>Thubursicum</span> <span class='ocrx_word' id='word_1_349' title='bbox 905 3228 975 3280; x_wconf 85' lang='lat' dir='ltr'>Bure</span> <span class='ocrx_word' id='word_1_350' title='bbox 1003 3227 1029 3279; x_wconf 89' lang='lat' dir='ltr'>in</span> <span class='ocrx_word' id='word_1_351' title='bbox 1059 3227 1105 3278; x_wconf 87' lang='lat' dir='ltr'>der</span> <span class='ocrx_word' id='word_1_352' title='bbox 1128 3227 1198 3279; x_wconf 81' lang='lat' dir='ltr'>alten</span> 
     </span>
    </p>

    <p class='ocr_par' dir='ltr' id='par_1_8' title="bbox 122 3295 1201 3904">
     <span class='ocr_line' id='line_1_38' title="bbox 175 3295 1198 3363; baseline -0.002 -16"><span class='ocrx_word' id='word_1_353' title='bbox 175 3298 201 3347; x_wconf 74' lang='lat' dir='ltr'>ie</span> <span class='ocrx_word' id='word_1_354' title='bbox 213 3295 343 3363; x_wconf 79' lang='lat' dir='ltr'>Olympiae</span> <span class='ocrx_word' id='word_1_355' title='bbox 358 3299 500 3348; x_wconf 79' lang='lat' dir='ltr'>memoriae</span> <span class='ocrx_word' id='word_1_356' title='bbox 508 3295 637 3362; x_wconf 83' lang='lat' dir='ltr'>proditum</span> <span class='ocrx_word' id='word_1_357' title='bbox 691 3296 803 3347; x_wconf 85' lang='lat' dir='ltr'>Provinz</span> <span class='ocrx_word' id='word_1_358' title='bbox 816 3296 903 3347; x_wconf 84' lang='lat' dir='ltr'>Africa</span> <span class='ocrx_word' id='word_1_359' title='bbox 919 3295 1040 3359; x_wconf 81' lang='lat' dir='ltr'>(Gerlach</span> <span class='ocrx_word' id='word_1_360' title='bbox 1051 3295 1128 3345; x_wconf 91' lang='lat' dir='ltr'>Vorr.</span> <span class='ocrx_word' id='word_1_361' title='bbox 1142 3312 1198 3345; x_wconf 86' lang='lat' dir='ltr'>zunr</span> 
     </span>
     <span class='ocr_line' id='line_1_39' title="bbox 122 3361 1198 3430; baseline -0.004 -14"><span class='ocrx_word' id='word_1_362' title='bbox 122 3369 175 3416; x_wconf 77' lang='lat' dir='ltr'>esi.</span> <span class='ocrx_word' id='word_1_363' title='bbox 194 3364 406 3430; x_wconf 78' lang='lat' dir='ltr'>Liviusvt.2,9</span> <span class='ocrx_word' id='word_1_364' title='bbox 428 3369 530 3415; x_wconf 82' lang='lat' dir='ltr'>tantum</span> <span class='ocrx_word' id='word_1_365' title='bbox 543 3363 637 3415; x_wconf 86' lang='lat' dir='ltr'>Camil·</span> <span class='ocrx_word' id='word_1_366' title='bbox 691 3363 756 3415; x_wconf 91' lang='lat' dir='ltr'>Non.</span> <span class='ocrx_word' id='word_1_367' title='bbox 775 3380 800 3430; x_wconf 94' lang='lat' dir='ltr'>p.</span> <span class='ocrx_word' id='word_1_368' title='bbox 818 3363 902 3428; x_wconf 80' lang='lat' dir='ltr'>ivn).</span> <span class='ocrx_word' id='word_1_369' title='bbox 938 3363 1100 3415; x_wconf 75' lang='lat' dir='ltr'>Ptolemaeus</span> <span class='ocrx_word' id='word_1_370' title='bbox 1119 3361 1198 3426; x_wconf 81' lang='lat' dir='ltr'>lv.3,</span> 
     </span>
     <span class='ocr_line' id='line_1_40' title="bbox 122 3429 1199 3499; baseline -0.006 -14"><span class='ocrx_word' id='word_1_371' title='bbox 122 3431 438 3499; x_wconf 57' lang='lat' dir='ltr'>&amp;commemorator</span> <span class='ocrx_word' id='word_1_372' title='bbox 447 3433 637 3483; x_wconf 79' lang='lat' dir='ltr'>terr-cristatu—</span> <span class='ocrx_word' id='word_1_373' title='bbox 692 3431 724 3482; x_wconf 82' lang='lat'>29</span> <span class='ocrx_word' id='word_1_374' title='bbox 743 3438 821 3482; x_wconf 89' lang='lat' dir='ltr'>nennt</span> <span class='ocrx_word' id='word_1_375' title='bbox 842 3432 917 3497; x_wconf 89' lang='lat' dir='ltr'>jenes</span> <span class='ocrx_word' id='word_1_376' title='bbox 947 3429 1107 3482; x_wconf 78' lang='lat' dir='ltr'>Thubursicu</span> <span class='ocrx_word' id='word_1_377' title='bbox 1137 3430 1199 3480; x_wconf 87' lang='lat' dir='ltr'>oder</span> 
     </span>
     <span class='ocr_line' id='line_1_41' title="bbox 124 3497 1199 3566; baseline -0.006 -14"><span class='ocrx_word' id='word_1_378' title='bbox 124 3499 201 3552; x_wconf 74' lang='lat' dir='ltr'>ierac</span> <span class='ocrx_word' id='word_1_379' title='bbox 219 3498 319 3551; x_wconf 76' lang='lat' dir='ltr'>xxxi.</span> <span class='ocrx_word' id='word_1_380' title='bbox 332 3501 372 3566; x_wconf 83' lang='lat'>18,</span> <span class='ocrx_word' id='word_1_381' title='bbox 385 3503 396 3551; x_wconf 87' lang='lat'>1</span> <span class='ocrx_word' id='word_1_382' title='bbox 411 3500 501 3552; x_wconf 85' lang='lat' dir='ltr'>audita</span> <span class='ocrx_word' id='word_1_383' title='bbox 512 3498 639 3549; x_wconf 80' lang='lat' dir='ltr'>obsidione</span> <span class='ocrx_word' id='word_1_384' title='bbox 695 3498 868 3551; x_wconf 69' lang='lat' dir='ltr'>Thubursicu:</span> <span class='ocrx_word' id='word_1_385' title='bbox 880 3499 931 3549; x_wconf 90' lang='lat' dir='ltr'>nnd</span> <span class='ocrx_word' id='word_1_386' title='bbox 942 3505 1011 3549; x_wconf 83' lang='lat' dir='ltr'>setzt</span> <span class='ocrx_word' id='word_1_387' title='bbox 1021 3513 1048 3547; x_wconf 91' lang='lat' dir='ltr'>es</span> <span class='ocrx_word' id='word_1_388' title='bbox 1061 3499 1103 3548; x_wconf 88' lang='lat' dir='ltr'>ein</span> <span class='ocrx_word' id='word_1_389' title='bbox 1115 3497 1199 3560; x_wconf 71' lang='lat' dir='ltr'>wenig</span> 
     </span>
     <span class='ocr_line' id='line_1_42' title="bbox 126 3565 1199 3635; baseline -0.007 -13"><span class='ocrx_word' id='word_1_390' title='bbox 126 3566 322 3635; x_wconf 68' lang='lat' dir='ltr'>Abydenorum.</span> <span class='ocrx_word' id='word_1_391' title='bbox 346 3567 423 3620; x_wconf 81' lang='lat' dir='ltr'>Xhll.</span> <span class='ocrx_word' id='word_1_392' title='bbox 443 3569 485 3631; x_wconf 90' lang='grc'>52,</span> <span class='ocrx_word' id='word_1_393' title='bbox 506 3569 536 3620; x_wconf 87' lang='grc'>10</span> <span class='ocrx_word' id='word_1_394' title='bbox 551 3566 636 3616; x_wconf 87' lang='lat' dir='ltr'>Audi·</span> <span class='ocrx_word' id='word_1_395' title='bbox 691 3567 834 3618; x_wconf 77' lang='lat' dir='ltr'>sfidistlicb</span> <span class='ocrx_word' id='word_1_396' title='bbox 854 3583 905 3618; x_wconf 88' lang='lat' dir='ltr'>von</span> <span class='ocrx_word' id='word_1_397' title='bbox 927 3565 1073 3628; x_wconf 82' lang='lat' dir='ltr'>Lambaesa,</span> <span class='ocrx_word' id='word_1_398' title='bbox 1091 3565 1148 3614; x_wconf 79' lang='lat' dir='ltr'>also</span> <span class='ocrx_word' id='word_1_399' title='bbox 1166 3579 1199 3615; x_wconf 75' lang='lat' dir='ltr'>an</span> 
     </span>
     <span class='ocr_line' id='line_1_43' title="bbox 126 3632 1199 3704; baseline -0.006 -16"><span class='ocrx_word' id='word_1_400' title='bbox 126 3639 165 3688; x_wconf 76' lang='lat' dir='ltr'>iis</span> <span class='ocrx_word' id='word_1_401' title='bbox 175 3636 288 3688; x_wconf 77' lang='lat' dir='ltr'>hostium</span> <span class='ocrx_word' id='word_1_402' title='bbox 299 3638 378 3704; x_wconf 77' lang='lat' dir='ltr'>copiis</span> <span class='ocrx_word' id='word_1_403' title='bbox 395 3639 548 3704; x_wconf 79' lang='lat' dir='ltr'>respicerent</span> <span class='ocrx_word' id='word_1_404' title='bbox 560 3650 637 3685; x_wconf 76' lang='lat' dir='ltr'>suum</span> <span class='ocrx_word' id='word_1_405' title='bbox 692 3636 739 3685; x_wconf 89' lang='lat' dir='ltr'>den</span> <span class='ocrx_word' id='word_1_406' title='bbox 749 3636 772 3686; x_wconf 86' lang='lat' dir='ltr'>N</span> <span class='ocrx_word' id='word_1_407' title='bbox 775 3635 920 3696; x_wconf 72' lang='lat' dir='ltr'>ordabhsng</span> <span class='ocrx_word' id='word_1_408' title='bbox 932 3633 976 3682; x_wconf 88' lang='lat' dir='ltr'>des</span> <span class='ocrx_word' id='word_1_409' title='bbox 985 3634 1080 3694; x_wconf 75' lang='lat' dir='ltr'>Aures,</span> <span class='ocrx_word' id='word_1_410' title='bbox 1092 3632 1199 3683; x_wconf 81' lang='lat' dir='ltr'>wesmit</span> 
     </span>
     <span class='ocr_line' id='line_1_44' title="bbox 127 3699 1198 3771; baseline -0.003 -17"><span class='ocrx_word' id='word_1_411' title='bbox 127 3707 182 3771; x_wconf 77' lang='lat' dir='ltr'>ipsi</span> <span class='ocrx_word' id='word_1_412' title='bbox 194 3707 346 3756; x_wconf 60' lang='lat' dir='ltr'>assutum.</span> <span class='ocrx_word' id='word_1_413' title='bbox 373 3703 439 3755; x_wconf 90' lang='lat' dir='ltr'>Plin.</span> <span class='ocrx_word' id='word_1_414' title='bbox 456 3719 494 3769; x_wconf 89' lang='lat' dir='ltr'>ep.</span> <span class='ocrx_word' id='word_1_415' title='bbox 512 3703 544 3754; x_wconf 79' lang='lat' dir='ltr'>ad</span> <span class='ocrx_word' id='word_1_416' title='bbox 565 3701 635 3753; x_wconf 88' lang='lat' dir='ltr'>Trai.</span> <span class='ocrx_word' id='word_1_417' title='bbox 691 3705 747 3753; x_wconf 85' lang='lat' dir='ltr'>dem</span> <span class='ocrx_word' id='word_1_418' title='bbox 777 3699 1037 3766; x_wconf 79' lang='lat' dir='ltr'>liriegsschauplatze</span> <span class='ocrx_word' id='word_1_419' title='bbox 1070 3700 1120 3750; x_wconf 90' lang='lat' dir='ltr'>und</span> <span class='ocrx_word' id='word_1_420' title='bbox 1150 3699 1198 3751; x_wconf 87' lang='lat' dir='ltr'>den</span> 
     </span>
     <span class='ocr_line' id='line_1_45' title="bbox 129 3767 1201 3837; baseline -0.004 -15"><span class='ocrx_word' id='word_1_421' title='bbox 129 3773 164 3822; x_wconf 79' lang='lat'>’15</span> <span class='ocrx_word' id='word_1_422' title='bbox 180 3773 244 3835; x_wconf 78' lang='lat'>(79),</span> <span class='ocrx_word' id='word_1_423' title='bbox 262 3775 274 3826; x_wconf 89' lang='lat'>1</span> <span class='ocrx_word' id='word_1_424' title='bbox 293 3769 376 3823; x_wconf 83' lang='lat' dir='ltr'>lulius</span> <span class='ocrx_word' id='word_1_425' title='bbox 392 3772 506 3837; x_wconf 77' lang='lat' dir='ltr'>Largus,</span> <span class='ocrx_word' id='word_1_426' title='bbox 522 3769 636 3821; x_wconf 84' lang='lat' dir='ltr'>nondum</span> <span class='ocrx_word' id='word_1_427' title='bbox 691 3769 860 3821; x_wconf 83' lang='lat' dir='ltr'>Wohnsitzen</span> <span class='ocrx_word' id='word_1_428' title='bbox 886 3768 931 3819; x_wconf 89' lang='lat' dir='ltr'>der</span> <span class='ocrx_word' id='word_1_429' title='bbox 948 3767 1115 3819; x_wconf 78' lang='lat' dir='ltr'>Musulamier</span> <span class='ocrx_word' id='word_1_430' title='bbox 1137 3783 1201 3820; x_wconf 86' lang='lat' dir='ltr'>vor·</span> 
     </span>
     <span class='ocr_line' id='line_1_46' title="bbox 124 3834 1105 3904; baseline -0.005 -13"><span class='ocrx_word' id='word_1_431' title='bbox 124 3839 198 3891; x_wconf 79' lang='lat' dir='ltr'>mihi</span> <span class='ocrx_word' id='word_1_432' title='bbox 217 3841 289 3891; x_wconf 73' lang='lat' dir='ltr'>uisus</span> <span class='ocrx_word' id='word_1_433' title='bbox 308 3855 338 3890; x_wconf 87' lang='lat' dir='ltr'>ac</span> <span class='ocrx_word' id='word_1_434' title='bbox 358 3856 390 3890; x_wconf 79' lang='lat' dir='ltr'>rra</span> <span class='ocrx_word' id='word_1_435' title='bbox 408 3838 512 3891; x_wconf 76' lang='lat' dir='ltr'>auditus</span> <span class='ocrx_word' id='word_1_436' title='bbox 524 3838 636 3904; x_wconf 80' lang='lat' dir='ltr'>quidem</span> <span class='ocrx_word' id='word_1_437' title='bbox 692 3836 804 3889; x_wconf 83' lang='lat' dir='ltr'>trefflieb</span> <span class='ocrx_word' id='word_1_438' title='bbox 816 3836 919 3888; x_wconf 88' lang='lat' dir='ltr'>stinmt.</span> <span class='ocrx_word' id='word_1_439' title='bbox 939 3837 964 3886; x_wconf 89' lang='lat' dir='ltr'><strong>S.</strong></span> <span class='ocrx_word' id='word_1_440' title='bbox 977 3853 1009 3886; x_wconf 84' lang='lat' dir='ltr'>zu</span> <span class='ocrx_word' id='word_1_441' title='bbox 1021 3834 1050 3886; x_wconf 92' lang='lat' dir='ltr'>ll.</span> <span class='ocrx_word' id='word_1_442' title='bbox 1064 3835 1105 3886; x_wconf 89' lang='grc'>52.</span> 
     </span>
    </p>

    <p class='ocr_par' dir='ltr' id='par_1_9' title="bbox 164 3903 1046 3976">
     <span class='ocr_line' id='line_1_47' title="bbox 164 3903 1046 3976; baseline -0.005 -16"><span class='ocrx_word' id='word_1_443' title='bbox 164 3908 189 3960; x_wconf 86' lang='grc'>2.</span> <span class='ocrx_word' id='word_1_444' title='bbox 205 3911 262 3976; x_wconf 74' lang='lat' dir='ltr'>pori</span> <span class='ocrx_word' id='word_1_445' title='bbox 281 3922 326 3959; x_wconf 78' lang='lat' dir='ltr'>rea</span> <span class='ocrx_word' id='word_1_446' title='bbox 336 3907 404 3959; x_wconf 75' lang='lat' dir='ltr'>alit.</span> <span class='ocrx_word' id='word_1_447' title='bbox 419 3911 486 3974; x_wconf 79' lang='lat' dir='ltr'>geri.</span> <span class='ocrx_word' id='word_1_448' title='bbox 495 3905 535 3958; x_wconf 89' lang='lat' dir='ltr'>lll.</span> <span class='ocrx_word' id='word_1_449' title='bbox 546 3906 587 3956; x_wconf 90' lang='grc'>73.</span> <span class='ocrx_word' id='word_1_450' title='bbox 595 3907 636 3957; x_wconf 89' lang='grc'>74.</span> <span class='ocrx_word' id='word_1_451' title='bbox 727 3904 767 3959; x_wconf 90' lang='grc'>11.</span> <span class='ocrx_word' id='word_1_452' title='bbox 786 3907 836 3956; x_wconf 83' lang='lat' dir='ltr'>sui.</span> <span class='ocrx_word' id='word_1_453' title='bbox 855 3905 880 3956; x_wconf 93' lang='lat' dir='ltr'><strong>S.</strong></span> <span class='ocrx_word' id='word_1_454' title='bbox 893 3921 925 3955; x_wconf 83' lang='lat' dir='ltr'>zu</span> <span class='ocrx_word' id='word_1_455' title='bbox 936 3903 991 3956; x_wconf 89' lang='lat' dir='ltr'>xll.</span> <span class='ocrx_word' id='word_1_456' title='bbox 1005 3904 1046 3956; x_wconf 88' lang='grc'>37.</span> 
     </span>
    </p>
   </div>
   <div class='ocr_carea' id='block_1_4' title="bbox 0 0 1328 4404">
    <p class='ocr_par' dir='ltr' id='par_1_10' title="bbox 0 0 1328 4404">
     <span class='ocr_line' id='line_1_48' title="bbox 0 0 1328 4404; baseline 0 0"><span class='ocrx_word' id='word_1_457' title='bbox 0 0 1328 4404; x_wconf 95' lang='lat' dir='ltr'> </span> 
     </span>
    </p>
   </div>
  </div>
 </body>
</html>
