2646 4404
110 205 173 269 280
505 201 651 255 connum
666 201 778 255 rncml
1060 220 1090 265 (s.
1101 230 1123 259 ι
1135 218 1169 261 m

109 366 163 431 est,
175 358 254 438 quod
266 356 364 418 Marco
375 355 531 436 Agrippae,
547 375 617 419 mox
632 356 707 419 mibi
717 354 903 419 conlocarit?
926 357 1027 438 Atque
1044 374 1099 436 ego
1109 359 1171 421 Mc

108 462 164 523 pro
185 442 313 504 amicitis
333 460 396 503 non
416 442 574 503 occultavi:
606 450 740 505 ceterum
759 459 858 521 neque
876 440 940 505 tuis
961 461 1065 522 nequo
1083 442 1172 506 liuns

109 528 263 589 destinatis
274 526 460 589 adversabor.
481 527 549 606 lpse
563 527 637 606 quid
651 527 729 589 iutra
743 527 877 589 animum
892 527 1102 600 volutaverim,
1115 528 1174 608 (μὶ

107 613 165 674 bus
187 614 284 674 adhuc
306 611 577 673 necessitudinibus
592 612 752 674 inmiscere
765 619 795 673 te
813 612 888 673 mihi
908 631 1027 692 parem,
1047 613 1175 677 omittam

108 699 143 759 ad
156 716 300 777 praesens
311 697 433 758 relerre.
453 697 486 757 ld
498 705 616 759 tantum
627 697 767 776 aperiam,
778 696 854 759 nibil
864 715 932 759 esse
942 705 1008 759 tam
1020 700 1195 769 excelsum

107 784 187 863 quod
203 802 265 843 non
280 782 405 843 virtutes
420 782 495 843 istae
509 790 641 861 tuusque
656 781 689 843 in
700 801 749 845 mo
759 782 877 844 animus
889 790 1083 857 mercantum
1099 783 1176 845 data·

52 874 90 929 41
105 888 164 948 que
178 875 314 947 tempore
328 867 375 927 vel
389 867 421 927 in
437 874 543 928 senatu
556 867 602 927 vel
616 867 649 927 in
658 867 799 928 contione
810 885 873 929 non
882 867 1028 929 reticebo.
1054 868 1176 931 Rursum

107 953 243 1023 Seianus,
258 970 322 1012 non
336 952 395 1012 iam
411 952 448 1012 de
464 952 665 1024 matrimonio,
686 953 740 1013 sod
754 952 843 1014 altius
858 960 1012 1023 metuens,
1027 952 1118 1015 tacita
1131 972 1176 1015 su-

107 1037 284 1115 spicionum,
303 1036 379 1114 vulgi
390 1054 554 1112 rumorem,
570 1037 761 1115 ingruentem
771 1037 916 1099 invidiam
927 1037 1122 1117 deprecetur.
1142 1040 1177 1099 dc

107 1141 145 1183 ne
160 1122 299 1183 adsiduos
314 1122 345 1182 iu
361 1122 487 1182 domum
502 1131 604 1183 coetus
614 1122 743 1184 arcendo
758 1122 934 1201 infringeret
944 1122 1121 1201 potentium
1134 1132 1180 1185 eut
1191 1132 1210 1181 lt

106 1208 285 1285 receptando
300 1207 468 1268 facultatem
481 1207 707 1269 criminantibus
721 1205 887 1286 praeberet,
902 1209 964 1269 buc
977 1206 1075 1277 llexit,
1091 1208 1178 1269 utli-

106 1291 222 1352 borium
248 1292 284 1352 ad
304 1292 394 1352 vitam
417 1293 520 1372 procul
534 1292 629 1353 Roma
649 1292 784 1353 amoenis
803 1292 876 1353 locis
891 1292 1064 1370 degendam
1080 1292 1180 1372 impel-

109 1377 193 1437 leret.
222 1377 313 1437 Multa
328 1377 438 1457 quippe
453 1375 641 1457 providebat:
657 1395 711 1439 sua
730 1377 761 1437 iu
776 1395 867 1439 manu
882 1378 983 1439 aditus
998 1376 1180 1439 litterarum·

110 1480 168 1540 (pue
183 1478 289 1537 magna
305 1481 342 1523 er
356 1469 439 1540 parte
455 1481 487 1523 se
503 1461 647 1523 arbitrum
662 1461 735 1535 fore,
751 1480 820 1522 oum
833 1480 886 1540 per
901 1461 1014 1523 milites
1029 1480 1181 1525 commee-

109 1552 192 1616 rent;
207 1564 277 1607 mou
290 1546 445 1607 Caesarem
462 1555 604 1624 vergente
618 1546 676 1607 iem
687 1555 805 1607 senecta
817 1554 997 1626 secretoque
1011 1547 1073 1609 loci
1089 1548 1180 1609 molli-
1195 1554 1214 1604 ll

109 1637 176 1690 tum
191 1630 292 1690 munia
308 1630 426 1709 imperii
441 1631 556 1691 facilius
572 1631 797 1703 tramissurum3
813 1638 842 1691 et
856 1632 952 1693 minui
967 1632 1027 1694 sibi
1042 1632 1181 1694 invidiam

109 1715 246 1794 adempta
266 1715 448 1776 salutantum
463 1715 559 1785 turba,
587 1716 769 1795 sublatisque
789 1716 930 1779 inanibus
949 1735 1059 1779 veram
1080 1724 1182 1797 poton·

106 1800 178 1860 tiam
191 1800 300 1877 augeri,
323 1801 415 1877 lgitur
425 1801 567 1879 paulatim
583 1800 700 1880 negotia
711 1801 804 1874 urbis,
818 1801 921 1880 populi
931 1801 1095 1873 adnuimus,
1110 1803 1182 1865 mul

106 1884 264 1945 titudinem
287 1885 480 1945 adfluentium
502 1886 645 1964 increpat,
670 1887 813 1947 extollens
835 1886 972 1948 laudibus
993 1887 1133 1966 quietem
1156 1896 1181 1947 et

106 1969 307 2041 solitudinem,
331 1970 397 2049 quis
412 1969 518 2030 abesse
535 1970 632 2047 taedia
647 1978 677 2032 et
692 1972 874 2032 offensiones
897 1990 931 2032 ac
952 1972 1119 2052 praecipua
1136 1990 1183 2033 re·
1195 1982 1216 2031 u

52 2063 92 2118 ⁴12
107 2073 174 2115 rum
191 2056 317 2116 maxime
334 2055 445 2133 agitari.
479 2056 521 2115 Ao
541 2059 618 2116 torte
638 2056 737 2117 habita
757 2074 812 2135 per
832 2056 899 2119 illos
919 2054 985 2119 dies
1006 2058 1047 2119 de
1063 2058 1181 2120 Votieno

111 2225 290 2278 ricnnullormn
320 2226 483 2278 tabenaculo
503 2231 618 2294 protecto
708 2228 747 2279 lb
772 2231 949 2289 comeum
964 2228 1121 2282 diellriel'c.

109 2296 193 2347 edera.
707 2296 747 2345 15.
773 2298 890 2362 vergente
915 2299 973 2347 mus
999 2302 1109 2349 mota
1131 2300 1182 2351 einr

146 2366 168 2415 1.
196 2361 283 2413 illcrco
300 2363 444 2430 Agrippae,
460 2377 525 2411 mose
545 2363 616 2411 mut.
670 2362 882 2413 Ablstivisbsol.
894 2364 945 2413 und
958 2364 1034 2415 nicht
1046 2365 1182 2418 niente

111 2432 136 2482 S.
149 2431 167 2481 l.
182 2434 204 2480 3.
218 2430 259 2480 53.
669 2435 724 2480 tum
737 2430 931 2482 znverbinden.
962 2430 1180 2485 Ucbersatzc‘brl

143 2500 167 2549 3.
189 2499 255 2564 quib.
272 2497 355 2549 adduc
372 2515 425 2549 nce
436 2500 573 2548 inmiscere
591 2500 618 2545 te
670 2498 767 2549 seiam
788 2499 866 2548 sebon
883 2515 932 2549 zur
947 2499 1035 2564 Noiga
1054 2502 1180 2566 schenden

50 2566 54 2575 '
109 2569 283 2633 rnrlrtparem.
300 2567 326 2616 S.
339 2583 370 2615 zu
383 2567 413 2617 V.
428 2566 452 2616 6.
669 2566 746 2616 Alter
757 2566 808 2615 und
818 2566 900 2616 durch
911 2567 956 2617 die
964 2566 1181 2623 Einsnmkeitdes

144 2627 198 2685 ⁴ll.
232 2635 256 2684 S.
290 2636 372 2684 taeda
391 2637 565 2702 mpdcsonum
580 2658 617 2669 -
670 2632 834 2684 Aufentlmlts
842 2633 1005 2685 renituit.
1019 2636 1077 2688 llas
1089 2645 1180 2691 errtcrr

109 2702 269 2769 depreeatur.
287 2703 324 2753 Er
336 2701 414 2753 bittet
426 2700 615 2753 keinenstillcn
671 2709 792 2764 erreugte
811 2702 871 2752 eine
890 2703 1030 2755 wnkliete
1056 2705 1181 2758 Ababa

109 2771 239 2823 l'erslrcbt
254 2785 333 2834 gegcn
351 2770 423 2820 seina
434 2770 573 2820 Absiehtcn
584 2784 617 2817 zu
671 2770 719 2821 der
729 2767 874 2832 Tbatkralt,
885 2769 932 2820 das
943 2770 1064 2825 lctztcrs
1071 2772 1137 2827 Luc
1146 2788 1180 2825 ιι

108 2839 189 2902 hegen
208 2839 257 2888 und
274 2840 320 2888 das
338 2836 438 2889 Gercde
454 2839 501 2888 der
518 2836 618 2898 nense,
671 2837 845 2901 dliissiggrug.

110 2908 157 2956 den
167 2907 209 2956 ilrn
219 2906 414 2969 bedriinpendcn
428 2905 619 2957 Neidibunieht
706 2896 760 2956 42·
777 2906 819 2955 21.
836 2906 969 2972 desorto.
996 2906 1125 2961 Dluclbc
1134 2908 1181 2961 t·-

109 2974 241 3037 eutgelten
259 2989 291 3024 ru
307 2975 401 3024 lcssen.
427 2975 479 3024 llas
496 2973 618 3023 Letztero
671 2971 802 3037 knirplung
812 2989 836 3022 c.
848 2974 889 3023 59.
901 2972 942 3025 lll.
954 2973 998 3025 31.

109 3040 210 3091 beziebt
221 3041 277 3090 sich
288 3038 385 3091 auidis
396 3040 490 3091 Worto
502 3041 537 3091 in
548 3038 623 3090 Briel'
706 3041 814 3091 Vots'esm
842 3039 970 3103 Mortuum
1000 3040 1110 3096 ltaueer
1135 3043 1179 3095 nul

109 3109 155 3158 des
170 3108 291 3157 ‘liberius
308 3124 330 3157 e
349 3110 383 3157 ld
417 3107 468 3159 Sed
481 3107 522 3157 r‘lb'
533 3110 620 3171 mugi-
671 3108 848 3169 Declamstor,
869 3107 985 3161 »rumen
1003 3124 1069 3163 von
1090 3109 1180 3163 llbetcr

109 3178 210 3223 simius
228 3200 264 3210 -
282 3177 410 3224 mourut.
441 3175 546 3225 Woller
568 3175 619 3224 wir
672 3177 769 3226 &arca
785 3175 910 3227 erwilrnt.
928 3176 1020 3228 Ceutr.
1038 3178 1076 3231 20
1091 3196 1117 3246 p.
1133 3180 1193 3235 24⁰.

109 3241 289 3292 ebrnsokurz
300 3242 541 3303 seiuwioTac.,so
554 3241 619 3291 kda-
671 3243 725 3309 Rip.
744 3243 794 3294 217
813 3243 885 3293 Burs.
910 3245 1094 3299 Aecum
1112 3246 1179 3299 ullu

109 3325 158 3359 nea
170 3309 222 3359 wir
231 3308 367 3376 deprecari
376 3310 423 3359 mit
434 3308 616 3360 ‘bescbwdron'
671 3311 729 3371 (des
740 3311 877 3361 Montanus
888 3311 917 3363 Ρ.
930 3312 1054 3365 Vinicius
1066 3316 1137 3378 [us
1144 3312 1180 3365 lll.

109 3378 269 3428 iibersetzeu.
673 3378 727 3442 lll:
744 3378 817 3430 diest
828 3379 1180 3443 Auklageistcincfrdlmrr

145 3449 185 3498 ro.
218 3444 339 3495 adsume
367 3447 394 3494 na
410 3444 515 3497 dorsete
531 3449 617 3495 costes
670 3447 710 3497 als
721 3446 764 3497 die
775 3448 832 3496 bier
844 3447 1086 3517 beriebtetclapmd
1093 3449 1180 3501 Ceu-

108 3512 292 3563 ‘lartwilrrend
318 3515 345 3563 iu
371 3514 426 3563 sein
453 3512 521 3563 llaus
547 3514 617 3563 str'e'·
670 3530 736 3577 m,
759 3529 778 3563 a
798 3513 897 3565 abacis
918 3513 1087 3569 nm
1108 3532 1180 3585 rm

108 3578 204 3633 mend':
217 3580 551 3645 J'edeahnmgtndcm
563 3596 614 3629 uon
670 3586 721 3632 lus.
756 3582 795 3631 At
810 3580 948 3634 urm
967 3584 1036 3637 deo
1057 3589 1111 3641 m
1125 3587 1180 3637 ni·

108 3649 244 3700 wetnsab.
272 3646 475 3699 lintlrntrsiclr
485 3647 616 3703 ribertus„
670 3664 713 3699 sno
728 3649 974 3709 mmmmm,
990 3652 1180 3715 ermae,

108 3731 138 3765 sc
151 3715 288 3779 brsslritcte
304 3716 445 3781 ibnsejn.
473 3716 616 3779 [rbi-ierus
670 3718 1064 3781 quomutussruVr‘m‘er‘s
1075 3756 1181 3773 ......

108 3782 160 3844 egl.
180 3782 248 3833 le'.
261 3786 294 3834 eo
310 3786 427 3850 probibet
443 3790 531 3836 rectu
546 3782 617 3834 seles·
670 3784 732 3845 illas
751 3784 863 3849 febrire
885 3786 924 3837 ist
943 3792 1075 3856 empti
1091 3789 1135 3853 ²8,
1151 3788 1181 3839 15

106 3852 225 3900 lentium.
671 3868 696 3917 p,
707 3852 757 3901 3θῖ
769 3855 845 3905 bono
853 3858 997 3921 maht,
1013 3860 1122 3909 M
1132 3870 1181 3907 m
