2646 4404
154 251 170 290 p
191 236 226 278 ca
247 237 283 293 aa)
371 225 413 275 ΑΒ
432 225 582 277 EXCESSU
601 224 668 277 utvl
685 223 828 277 AllGllSTl
845 224 887 276 lv.
907 224 948 275 63.
967 225 1008 276 ot.
1159 225 1219 288 303

156 378 306 439 theatrum
330 379 533 458 imponeretur
554 381 610 441 nisi
630 379 692 440 solo
713 379 861 439 firmitatis
881 383 1036 456 spectatae.
1067 378 1172 439 Atilius
1188 379 1222 440 in

156 463 275 524 erilium
289 472 369 524 actus
385 474 439 525 est.
464 465 599 525 Ceterum
613 466 669 525 sub
684 472 835 525 recentem
851 463 963 524 cladem
979 471 1101 542 patuere
1115 482 1221 543 proce-

155 567 223 608 rum
237 549 355 621 domus,
369 550 499 610 fomenta
513 558 543 609 et
555 550 660 610 medici
673 547 936 628 passim'praebiti;
951 548 1066 626 fuitque
1080 549 1152 608 urbs
1168 567 1222 627 per
1252 587 1257 598 ·

156 633 223 694 illos
235 633 307 702 dies,
321 653 496 712 quamquam
512 643 622 695 maesta
635 634 717 706 facie,
733 643 867 694 veterum
883 633 1026 693 institutis
1042 633 1155 703 similis,
1171 634 1223 712 qui
1306 662 1308 666 ·

120 730 136 781 5
157 734 263 796 magna
279 728 346 798 post
361 721 470 798 proelia
485 720 600 780 saucios
615 719 769 798 largitione
785 727 814 778 et
829 737 898 779 cura
914 718 1130 778 sustentabant..

241 803 380 864 Nondum
401 825 433 865 aa
449 805 546 865 clades
569 806 747 874 exoleverat,
774 823 840 864 cum
863 802 940 880 ignis
960 803 1098 863 violentia
1119 804 1224 864 urbem
1239 816 1280 872 aa

156 888 233 948 ultra
248 889 368 949 solitum
391 890 511 960 adfecit,
534 890 639 950 deusto
656 896 758 950 monte
773 888 886 960 Caelio;
908 888 1087 967 feralemque
1108 907 1222 949 annum

156 973 294 1033 ferebant
310 981 339 1034 et
354 975 504 1035 ominibus
520 975 650 1036 adversis
666 981 837 1053 susceptum
854 972 981 1052 principi
999 973 1156 1034 consilium
1168 975 1221 1034 ab·

156 1059 286 1128 sentiae,
302 1059 353 1138 qui
368 1062 550 1138 mosvulgo,
566 1061 686 1121 fortuita
702 1059 739 1118 ad
754 1060 869 1137 culpam
885 1059 1050 1131 trahentes,
1071 1058 1102 1118 ni
1117 1059 1222 1119 Caesar

105 1142 140 1203 ΙΙ
156 1142 272 1204 obviam
288 1144 359 1204 isset
374 1145 533 1206 tribuendo
549 1146 687 1223 pecunias
703 1164 738 1205 ex
760 1145 847 1220 medo
867 1143 1044 1203 detrimenti.
1075 1144 1223 1222 Aetaeque

114 1294 117 1301 ,
134 1255 137 1261 ·
157 1228 184 1288 ei
199 1237 299 1306 grates
314 1229 392 1308 apud
408 1238 543 1290 senatum
567 1231 603 1289 ab
619 1230 792 1290 inlustribus
808 1229 946 1306 famaque
968 1229 1045 1306 apud
1069 1229 1222 1307 populum,

105 1364 108 1379 .
158 1313 227 1392 quia
249 1314 315 1374 sine
337 1315 498 1375 ambitione
520 1323 571 1375 aut
593 1315 796 1394 proximorum
817 1313 969 1392 precibus,
991 1315 1108 1391 ignotos
1134 1313 1223 1374 etiam

105 1454 108 1461 .
158 1405 188 1458 et
203 1400 283 1459 ultro
300 1399 409 1459 accitos
433 1400 633 1461 munificentia
648 1401 771 1460 iuverat.
816 1397 972 1458 adduntur
986 1398 1167 1469 sententiae,
1190 1406 1225 1458 ut

105 1470 119 1559 'q-
158 1501 248 1544 mons
261 1484 374 1544 Caelius
391 1486 420 1544 in
432 1494 586 1564 posterum
598 1488 747 1563 Augustus
759 1484 963 1562 appellaretur,
977 1484 1095 1562 quando
1109 1483 1223 1543 cunetis

105 1568 137 1655 ΙΙ
154 1568 267 1630 circum
281 1570 472 1646 flagrantibus
486 1571 546 1630 sola
558 1571 668 1630 Tiberii
686 1569 805 1646 effigies,
820 1569 876 1629 sita
892 1569 922 1628 in
938 1569 1026 1627 domo
1045 1568 1119 1628 lunii
1136 1586 1223 1629 sena-

105 1656 115 1729 ξ
155 1654 246 1724 toris,
267 1654 401 1715 inviolata
424 1655 592 1714 mansisset.
633 1655 773 1714 Evenisse
796 1653 826 1713 id
849 1653 919 1714 olim
936 1653 1071 1714 Claudiae
1085 1653 1222 1726 Quintae,

105 1796 108 1815 ἱ
156 1737 281 1817 eiusque
297 1746 423 1800 statuam
441 1741 498 1799 vim
519 1740 631 1820 ignium
653 1740 698 1799 bis
719 1739 848 1817 elapsam
872 1737 997 1798 maiores
1020 1740 1098 1817 apud
1120 1739 1223 1798 aedem

105 1830 107 1837 '
156 1823 261 1884 matris
288 1825 376 1884 deum
405 1826 631 1901 consecravisse.
677 1827 1021 1902 Sanctus-acceptosque
1049 1823 1222 1884 numinibus

155 1909 304 1980 Claudios,
321 1917 350 1969 et
365 1911 529 1988 augendam
541 1909 751 1971 caerimoniam
763 1909 838 1978 loco,
853 1908 885 1968 in
897 1927 956 1987 quo
967 1916 1083 1969 tantum
1097 1909 1127 1968 in
1139 1908 1224 1987 prin·

193 2035 242 2095 64.
270 2048 294 2096 li.
322 2043 444 2097 Nondum
455 2064 479 2096 u.
494 2063 514 2096 s.
528 2063 558 2096 w.
573 2047 615 2098 Vl.
630 2049 661 2097 25
717 2062 798 2110 neme,
819 2047 880 2096 weil
900 2047 938 2096 sie
959 2046 999 2096 die
1019 2044 1223 2096 funlteTochter

145 2110 275 2169 ,Naiadum
296 2117 321 2163 is
341 2114 410 2164 dolor
433 2114 580 2178 eaolaveaai
605 2132 664 2166 eum
718 2131 780 2164 war.
806 2113 867 2164 Wie
879 2114 924 2164 der
936 2114 992 2177 Ort,
1009 2129 1049 2163 wo
1068 2115 1121 2162 ihre
1134 2113 1222 2164 Statua

156 2179 190 2231 da
200 2184 349 2248 Agrippina
360 2183 486 2232 auditum.
717 2181 867 2245 aufgestellt
880 2181 974 2239 wurde,
988 2181 1065 2244 zeigt,
1082 2181 1116 2231 ist
1129 2196 1156 2231 es
1168 2182 1223 2232 tlic-

718 2251 796 2313 selbe,
814 2250 910 2299 welche
928 2250 978 2298 204
991 2264 1014 2297 v.
1029 2250 1072 2299 Ch.
1087 2250 1151 2298 beim
1164 2249 1224 2298 llin-

717 2319 791 2368 holeu
810 2319 855 2366 der·
867 2316 962 2384 Cybele
981 2317 1044 2366 uach
1055 2317 1115 2366 llom
1128 2316 1224 2368 bethai-

718 2387 766 2449 ligt
774 2401 834 2434 war.
846 2382 1054 2435 Linxxtxmt.
1072 2384 1137 2434 Ovial
1154 2384 1224 2437 l‘ast.

716 2454 760 2504 lt.
773 2454 831 2503 305.
857 2454 904 2502 Val
926 2453 992 2502 Max.
1006 2452 1023 2501 l.
1038 2453 1061 2516 8,
1075 2455 1101 2504 ll
1119 2453 1225 2516 Quintae

720 2521 838 2574 Claudiae
849 2525 942 2580 carteia,
958 2523 987 2569 in
1005 2521 1122 2571 vocabalo
1141 2521 1226 2587 tenant·

718 2594 812 2640 matria
821 2589 896 2640 deum
906 2592 994 2655 poeria,
1013 2590 1053 2637 hie
1069 2605 1100 2638 ea
1112 2589 1172 2640 aede
1183 2591 1225 2638 in-

719 2659 804 2708 cendio
815 2662 974 2724 eoirarainpta,
991 2659 1067 2721 prius
1084 2658 1113 2706 P.
1129 2656 1225 2708 Nasica

718 2726 833 2793 Scipione
843 2730 867 2775 el
884 2723 911 2774 L.
924 2725 1018 2778 Bestia.
1036 2727 1095 2773 beni
1113 2724 1145 2774 Μ.
1166 2723 1225 2775 Sar·

719 2795 780 2844 vilio
792 2800 817 2844 et
830 2791 858 2843 L.
872 2791 963 2842 Lamia
976 2793 1124 2855 conestables,
1139 2796 1165 2842 in
1175 2809 1226 2844 aaa

720 2865 775 2914 basi
781 2863 902 2928 flammis
913 2864 1006 2910 inarata
1018 2865 1099 2924 stetit,
1110 2861 1133 2910 (l.
1145 2861 1162 2912 i.
1179 2863 1223 2910 lll

720 2948 744 2979 v.
766 2931 809 2981 Ch.
827 2947 850 2979 u.
872 2930 887 2979 3
909 2947 932 2978 n.
952 2928 994 2979 Ch.
1024 2928 1074 2978 Der
1091 2927 1226 2980 ausdruck

720 3000 764 3047 des
773 2999 840 3058 Tae,
854 2998 966 3048 welcher
974 2998 1095 3047 hiernach
1104 2999 1152 3047 den
1162 2997 1226 3046 Sina

719 3067 800 3116 haben
811 3083 878 3116 muss
888 3066 945 3115 ‘und
956 3067 1011 3115 ihre
1021 3067 1119 3129 Statue,
1129 3066 1225 3116 welche

721 3136 824 3200 (spiter)
857 3135 903 3184 der
931 3134 1032 3185 Gewalt
1061 3134 1106 3185 iles
1130 3134 1225 3183 Fauers

720 3204 836 3253 zweimal
853 3209 993 3266 euigangen
1013 3203 1066 3266 sei’,
1091 3202 1127 3252 ist
1144 3201 1228 3252 merk-

722 3271 819 3333 whudig
826 3272 874 3320 uual
881 3272 1046 3335 zweideutig:
1056 3273 1101 3320 das
1110 3270 1227 3333 llichtige

722 3355 777 3389 war
795 3343 898 3404 eiusque
919 3343 1034 3390 statuam
1054 3354 1070 3387 a
1087 3339 1228 3388 maioribus

722 3407 791 3473 apud
800 3408 887 3458 aedem
900 3411 995 3457 matris
1007 3407 1084 3458 deam
1098 3418 1228 3455 conseera-

722 3481 775 3525 iam
792 3478 844 3525 vion
862 3478 962 3539 igniaria
978 3477 1016 3524 bie
1039 3475 1159 3540 elapsam.
1193 3470 1227 3520 llo

164 3572 442 3638 amaeam
722 3540 1227 3677 usitatae..a...ta..tatae

201 3661 241 3738 ¹5:
264 3661 322 3708 ’ἅθ’
348 3659 446 3710 &ml
462 3660 501 3710 39·
527 3659 609 3712 Ufbel
627 3661 668 3712 (lle
723 3697 771 3730 von
785 3683 830 3730 alet·
843 3697 873 3729 zu
885 3678 922 3727 lll.
935 3680 974 3728 55.
1000 3645 1227 3740 Uebrigenslintlel

165 3727 338 3806 Bffwfhflung
366 3730 410 3778 ‘¹⁰⁸
434 3730 555 3778 senaim
579 3730 669 3786 lull&
724 3748 779 3797 sich
803 3747 844 3797 die
868 3748 957 3796 Statue
981 3747 1027 3796 der
1050 3743 1157 3794 Claudia
1184 3741 1230 3794 auf

105 3830 109 3867 t
163 3803 306 3846 ¹¹¹¹t⁶¹⁰⁰¹¹¹
320 3796 540 3847 nameuzuva.
723 3814 1002 3878 Miinzendurgestellt.
1027 3810 1227 3876 borghesiOeu-

105 3876 108 3953 f
199 3881 239 3932 16.
275 3880 394 3933 Claudiae
411 3882 526 3945 Quintae.
551 3885 601 3936 Der
614 3886 669 3936 Bei-
723 3882 823 3934 vresll.
838 3883 893 3935 183.

195 2280 235 2331 ti.
253 2282 307 2328 sine
315 2281 465 2330 ambitione.-
477 2296 505 2330 er
513 2281 585 2332 batte
595 2283 665 2332 nieht

156 2349 201 2398 alie
232 2346 360 2397 Personen
395 2349 547 2412 bevorzugt‚
586 2350 664 2400 deren

158 2415 335 2467 Wohlwollen
346 2416 395 2464 ihm
406 2416 455 2464 lieb
467 2417 528 2465 oder
538 2419 665 2467 vortheil·

156 2482 214 2535 hait
227 2483 280 2533 sein
293 2484 393 2532 konnte.
420 2486 475 2533 Aut
484 2487 665 2552 promimoram

153 2553 289 2621 praeibam
302 2568 357 2601 nan
371 2550 486 2602 bedurfte
499 2553 588 2602 hainen
601 2554 665 2604 Ver-

158 2620 285 2682 wendung
305 2620 511 2670 eintlussreieber
528 2621 665 2673 Perscneu.

158 2688 198 2738 Zu
211 2688 299 2737 diesen
314 2688 421 2738 Worteu
436 2689 470 2738 ist
482 2690 552 2738 bloss
569 2692 666 2740 iuverat

159 2756 281 2819 (absolut)
296 2773 326 2805 zu
344 2756 453 2805 denken:
476 2757 517 2806 die
535 2759 663 2818 niichsten‚

159 2825 257 2874 welche
271 2825 339 2874 nieht
351 2826 430 2873 damit
441 2825 584 2875 verbunden
599 2842 665 2876 wer-

159 2893 209 2942 den
222 2891 325 2956 binnan,
339 2894 370 2942 da
383 2909 410 2941 es
424 2893 477 2942 sich
490 2910 538 2942 von
549 2894 595 2943 (len
608 2895 666 2944 dort

160 2959 316 3010 llrwiihaten
327 2976 374 3009 von
384 2961 465 3011 selbst
473 2964 594 3018 versteht.
607 2963 666 3012 dass

159 3028 200 3078 sie
210 3029 380 3078 ohnehnsehn
392 3030 537 3078 derPersou
548 3029 597 3078 und
605 3030 663 3080 l'iir·

160 3095 226 3145 bitte
240 3098 396 3146 nuterstiitzt
409 3097 474 3159 siud,
486 3100 616 3150 euthalteu
626 3099 665 3149 ein

161 3179 239 3215 naues
251 3165 409 3227 steigerndes
420 3166 541 3217 llomeut:
556 3167 624 3217 ‘weil
638 3182 667 3216 er

160 3233 225 3282 ohne
237 3235 337 3282 Ansehn
355 3235 401 3282 ilar
414 3234 508 3284 Person
528 3237 590 3286 oder
602 3234 621 3283 F
624 3237 667 3284 iir-

162 3300 228 3350 bitte
244 3302 293 3349 ihm
311 3301 526 3364 Nahestehenuer,
544 3304 573 3367 ja
590 3319 666 3366 sogar

164 3367 328 3419 Unhekannte
339 3370 387 3418 und
401 3372 463 3418 ohne
473 3371 515 3419 ihr
525 3372 668 3433 ber-langen

163 3437 374 3501 Herangezogeue
397 3439 554 3488 unterstiitzt
580 3439 669 3488 batte’.

164 3504 288 3555 Aehnlieh
303 3505 333 3555 Vl
356 3508 369 3554 l
388 3507 492 3571 laesero,
512 3509 668 3571 inconvicto,
