2646 4404
121 236 142 297 6
500 230 784 285 -conurmracm

122 389 230 459 moris;
254 406 359 448 omnes
379 394 465 447 exuta
487 388 660 466 aequalitate
674 386 754 447 iussa
769 386 910 465 principis
926 394 1086 467 aspectare,
1103 386 1185 449 nulla

120 476 152 535 in
167 492 308 553 praesens
318 473 486 541 formidine,
501 472 573 532 dum
584 473 732 550 Augustus
744 480 840 533 aetate
856 471 969 533 validus
981 491 1074 551 seque
1085 480 1118 533 et
1129 472 1185 533 do-

122 579 205 621 mum
230 567 260 619 et
284 577 386 638 pacem
408 558 593 619 sustentavit.
622 558 786 636 Postquam
806 566 943 636 provecta
963 557 1023 617 iam
1044 566 1186 619 senectus

121 664 207 723 aegro
224 653 254 705 et
269 661 391 722 corpore
406 643 582 721 fatigabatur
598 644 756 721 aderatque
771 642 838 702 finis
854 651 883 702 et
895 662 963 721 spes
974 661 1082 715 novae,
1099 643 1186 721 pauci

121 730 199 791 bona
214 729 357 791 libertatis
369 730 400 788 in
412 747 528 789 cassum
542 728 698 799 disserere,
714 729 814 805 plures
830 728 941 787 bellum
955 745 1122 806 pavescere,
1138 728 1185 789 alii
1200 744 1214 793 5

122 834 245 894 cuperc3
266 834 333 893 pars
356 814 448 875 multo
470 814 598 874 maxima
612 812 786 873 inminentis
802 813 939 873 dominos
954 813 1040 873 variis
1055 813 1186 873 rumori-

121 901 179 962 bus
199 900 381 960 diu'ereoam.
406 899 532 959 Trucem
551 899 708 977 Agrippam
730 906 759 958 et
773 898 934 976 ignominia
949 916 1108 959 accensum
1124 916 1188 959 non

122 993 217 1047 aetate
239 1003 337 1064 neque
357 1003 458 1045 rerum
480 983 659 1062 experientia
681 990 780 1044 tantae
803 983 874 1043 moli
896 1001 1013 1062 parem3
1033 984 1187 1045 Tiberium

122 1071 272 1131 Neronem
293 1076 443 1130 maturum
463 1069 560 1138 annis,
576 1076 741 1147 spectatum
756 1069 842 1138 bello,
859 1079 903 1129 set
918 1076 1018 1129 vetere
1033 1076 1123 1147 atque
1137 1069 1188 1130 in-

122 1157 178 1218 sita
188 1155 324 1217 Claudiae
335 1154 461 1215 familiae
477 1154 626 1232 superbia,
639 1154 790 1232 multaque
802 1153 908 1214 indicia
919 1154 1065 1225 saevitiae,
1078 1172 1185 1233 quam·
1202 1163 1228 1215 1o

122 1260 210 1321 quam
224 1248 404 1319 premantur,
419 1258 585 1317 erumpere.
609 1239 696 1299 llunc
712 1247 740 1299 et
752 1239 847 1317 prima
860 1239 896 1298 ab
907 1238 1030 1299 infantia
1046 1240 1188 1300 eductum

122 1328 154 1386 in
170 1327 259 1386 domo
274 1325 447 1402 regnatrice,
461 1332 617 1402 congestos
633 1324 732 1385 iuveni
752 1324 931 1393 consulatus,
947 1323 1134 1403 triumphos3
1149 1342 1187 1384 ne

121 1412 156 1471 iis
173 1411 292 1491 quidem
308 1410 402 1482 annis
420 1410 526 1489 quibus
542 1409 639 1470 llhodi
656 1410 752 1488 specie
764 1428 896 1470 secessus
913 1410 980 1469 exul
995 1410 1096 1487 egerit,
1109 1409 1187 1470 aliud

124 1548 233 1598 Caesare
245 1550 365 1610 Augusto
377 1549 469 1596 cistere
482 1549 628 1613 imperium,

121 1631 271 1665 enarraturam
283 1616 368 1679 lirissc
377 1616 422 1664 sud
431 1616 550 1681 Pompeio
559 1615 626 1664 Bru-

122 1689 194 1748 toque
206 1700 257 1734 rem
269 1682 406 1750 publicam.

155 1745 187 1803 4.
212 1753 234 1801 1.
253 1755 334 1800 errata
353 1750 510 1816 aequalitate.
534 1749 574 1800 lll.
594 1750 626 1802 26

118 1825 250 1887 postquam
263 1823 327 1868 eccui
338 1819 487 1884 aequalitas.

156 1891 180 1938 4.
199 1904 278 1953 aegro
295 1892 319 1937 et
334 1903 442 1953 corpore.
467 1885 496 1936 ll.
523 1888 555 1936 75
573 1902 627 1937 cor-

118 1973 178 2024 pore
196 1972 286 2021 aegro.
304 1955 337 2004 Et
349 1956 418 2005 steht
429 1953 471 2004 fair
483 1957 567 2003 etiam.

157 2028 180 2076 5.
207 2028 233 2073 irr
256 2040 363 2083 cassum,
383 2024 453 2073 nicht
480 2039 535 2086 nur,
566 2023 627 2072 weil

122 2094 192 2145 diosc
216 2093 299 2142 Redeo
331 2092 404 2141 keine
428 2090 521 2154 Folgen
546 2092 627 2141 haben

122 2162 241 2223 konntcn,
255 2161 365 2210 sondern
378 2161 441 2210 auch
450 2159 515 2208 nach
525 2159 571 2208 der
582 2175 628 2224 po-

120 2231 239 2280 litischen
262 2229 368 2278 Ansicht
389 2229 432 2278 des
455 2227 515 2277 Tao.
539 2228 565 2277 S.
588 2228 627 2277 die

121 2298 189 2349 Einl.
202 2299 227 2347 S.
238 2295 327 2347 XVlll.

155 2367 283 2417 disserere
319 2365 365 2414 mit
399 2365 453 2413 dem
490 2363 628 2413 Accusativ

120 2442 185 2485 statt
198 2434 227 2484 de
240 2434 290 2482 und
303 2433 357 2483 dem
371 2432 477 2483 Ablativ
489 2432 539 2482 wie
553 2431 580 2481 ll.
595 2433 627 2481 27

119 2507 174 2552 eius
187 2505 282 2567 negotii
294 2504 401 2551 initium
413 2500 527 2550 ordinem
542 2501 627 2564 finem

120 2573 236 2621 curatius
260 2569 395 2619 disserant.
420 2568 461 2619 Vl.
488 2568 521 2618 34
546 2570 626 2635 impe-

120 2641 190 2688 rium
205 2637 320 2701 Orientis,
342 2636 520 2687 claritudinem
540 2638 626 2685 Arsu-

121 2706 245 2770 cidarnm,
266 2710 403 2769 contraque
423 2704 560 2768 ignobilem
578 2704 627 2753 Hi-

122 2776 209 2824 dorum
230 2775 405 2823 rnercennario
417 2772 500 2821 rrrilite
520 2771 628 2822 dissere-

123 2844 173 2891 aar.
198 2842 226 2890 H.
240 2842 268 2891 ll.
280 2842 294 2890 2
307 2843 384 2890 initia
403 2840 544 2904 religionis,
565 2844 627 2889 terrr-

122 2910 161 2976 pli
172 2912 259 2972 ritum,
266 2912 390 2975 sorrrranr
401 2908 463 2957 deae
471 2911 562 2973 paucis
574 2908 626 2957 dis·

122 2993 213 3027 serere.
238 2977 276 3027 lll.
295 2977 322 3025 Sl
348 2979 411 3025 bana
429 2979 499 3043 pacis
520 2992 550 3025 ac
572 2977 628 3025 delli

122 3045 272 3095 dismirniaa
292 3044 423 3094 disserens.
458 3045 499 3096 lV.
521 3044 553 3093 oo
575 3048 627 3093 ¹cirre

122 3114 265 3164 Rornanarn.
292 3116 411 3178 pacisque
439 3113 504 3162 bona
532 3112 627 3162 disser-

122 3186 187 3231 tans.
208 3182 269 3232 Sall.
286 3181 340 3231 Cat.
363 3183 385 3243 5,
409 3184 424 3231 d
444 3182 534 3247 paucis
554 3183 627 3229 insti-

122 3254 178 3299 tuta
189 3253 316 3300 aratorum
329 3249 461 3299 disserere.
488 3248 545 3299 Val.
559 3248 626 3299 illex.

121 3318 139 3368 l.
154 3319 178 3380 9,
191 3327 242 3369 ext.
258 3322 267 3370 1
283 3320 429 3379 creissaco,
451 3333 525 3381 qnam
549 3316 627 3366 disse

121 3388 200 3438 rebat.
227 3388 326 3436 Andcrs
355 3386 400 3435 mit
428 3386 483 3434 dem
503 3386 627 3435 Neutrum

122 3455 193 3506 eines
223 3456 376 3505 Pronomens
402 3455 463 3503 oder
483 3454 627 3517 Adjectivs‚

123 3524 234 3574 welches
260 3525 307 3573 den
329 3523 466 3572 Character
494 3524 555 3571 oder
580 3522 624 3571 das

121 3590 206 3642 Maass
228 3592 273 3642 der
291 3592 356 3641 Rode
373 3591 468 3653 angibt‚
493 3591 543 3639 wie
565 3591 625 3638 haec

119 3664 194 3724 atque
204 3661 274 3722 talia,
290 3661 373 3725 par’ia,
394 3662 456 3723 tuta,
475 3673 557 3723 pauca
567 3656 624 3707 ΧΠ.

124 3731 163 3779 11.
176 3728 216 3777 35.
230 3728 270 3778 48.
284 3729 313 3777 Η.
326 3728 367 3777 lV.
380 3730 419 3777 13.

159 3796 197 3845 11.
220 3797 291 3846 Hanc
307 3801 341 3846 et.
358 3796 419 3845 Dern
436 3799 460 3844 et
477 3794 553 3843 sollte
567 3794 637 3862 spii-¹

120 3871 163 3914 ter
179 3865 220 3913 ein
240 3865 346 3914 anderes
368 3861 581 3928 entsprccbcndes
602 3866 625 3911 et

122 3933 184 3983 oder
196 3948 274 3998 noque
286 3931 379 3995 iolgen.
403 3932 479 3981 Diese
493 3931 567 3980 Form
580 3931 624 3980 der

682 1547 750 1596 llede
764 1547 799 1596 ist
816 1547 877 1596 aber
897 1546 1053 1609 aulgcgeben
1074 1548 1124 1596 und
1147 1548 1187 1598 dic

683 1615 775 1665 Worte
791 1617 870 1663 neiis
888 1613 988 1678 qrridem
1005 1619 1083 1664 annis
1099 1617 1126 1664 in
1144 1618 1188 1666 der

680 1682 756 1733 Form
792 1684 837 1732 der
870 1682 1022 1746 Steigernng
1057 1682 1185 1747 angefugt.

680 1751 780 1801 ilbenso
794 1752 822 1800 ll.
839 1750 864 1799 ll.
890 1753 921 1801 82
943 1751 1090 1801 donatiuum
1108 1752 1189 1803 rniliti

680 1836 758 1900 neque
784 1819 1043 1939 plausaqusdprpna
1072 1824 1188 1939 spatione

680 1903 783 1936 amomo
802 1903 840 1936 cce
858 1903 925 1937 osen
945 1904 1012 1950 erar
1034 1904 1066 1936 nc
1101 1902 1144 1938 *es

680 1959 769 2004 siarrrrs
781 1954 881 2020 quidem
899 1957 959 2022 plus
977 1955 1047 2005 ciuili
1064 1904 1189 2007 ὺοίἱοξΐ-

681 2025 739 2073 tulit
749 2040 825 2088 quam
837 2025 883 2072 alii
892 2028 918 2074 in
930 2041 1001 2091 pace.
1014 2053 1047 2060 —
1059 2022 1093 2073 lm
1104 2026 1188 2075 Haase

682 2092 766 2141 seinos
785 2091 938 2144 Sticivaters
950 2094 1081 2155 Augustus
1100 2092 1187 2142 warde

682 2159 800 2209 Tiberius
813 2161 865 2210 seit
877 2163 971 2211 seincrn
983 2160 1120 2223 brentam,
1133 2161 1188 2211 doru

682 2227 750 2276 Todo
763 2228 849 2277 seinos
862 2230 956 2280 Vuters
970 2228 1011 2287 (33
1024 2245 1049 2279 v.
1064 2229 1128 2292 Ch),
1147 2245 1188 2279 er-

682 2312 769 2357 zogen.
796 2295 866 2346 Suet.
887 2298 944 2347 Tib.
963 2299 987 2347 6.
1015 2297 1111 2346 Consul
1133 2312 1189 2347 war

683 2381 711 2414 er
723 2371 811 2413 zucrst
822 2365 847 2413 in
860 2367 954 2416 seinem
971 2365 1062 2414 29sten
1074 2366 1145 2427 lahr,
1158 2366 1187 2415 13

681 2449 706 2482 ν.
720 2432 773 2494 Ch,
786 2434 836 2481 und
849 2434 987 2484 wiederum
999 2434 1013 2481 1
1027 2450 1050 2482 v.
1066 2434 1111 2483 Ch.
1133 2434 1188 2485 Vor

682 2501 777 2550 seinem
814 2500 948 2564 Riiclrzuge
987 2503 1050 2551 nach
1085 2502 1188 2551 Rhodus

679 2568 857 2632 triumphicrte
871 2586 899 2619 er
912 2569 1036 2630 zweimal‚
1058 2569 1073 2618 9
1086 2587 1111 2619 u.
1125 2571 1139 2617 1
1162 2585 1186 2618 ν.

717 2705 756 2756 13.
771 2705 834 2754 aaut
844 2708 933 2770 egerit,
943 2721 1013 2755 zwur
1025 2705 1095 2755 nicht
1108 2706 1188 2755 durch

682 2773 810 2822 offentlich
851 2774 995 2824 erlassonos
1024 2774 1101 2823 lldict
1143 2773 1186 2823 des

680 2838 786 2890 liaisers
800 2841 861 2891 odor
874 2842 1106 2902 scrratsbeschluss,
1127 2844 1187 2892 aber

681 2908 795 2972 iactisch,
809 2911 840 2959 da
853 2911 902 2959 ihm
916 2912 1003 2975 spiitsr
1023 2916 1091 2958 trotz
1101 2910 1187 2960 seincr

682 2978 765 3026 Bitten
779 2977 820 3026 die
833 2979 969 3028 Riiclrkchr
981 2979 1045 3027 nach
1054 2978 1115 3027 Rom
1128 2993 1187 3027 vom

681 3048 810 3108 Augustus
823 3047 894 3096 nicht
905 3053 1028 3109 gestnttet
1044 3047 1140 3096 wurde.
1159 3047 1185 3096 S.

681 3113 752 3165 Suet.
765 3114 821 3164 Tib.
843 3116 881 3166 11.
909 3116 968 3164 Scin
988 3112 1138 3164 Aufenthalt
1160 3115 1185 3163 in

680 3182 781 3231 Rhodus
803 3182 901 3232 wiihrte
922 3199 972 3232 von
994 3182 1045 3231 bv.
1060 3183 1104 3232 Ch.
1117 3182 1185 3232 bist

681 3269 704 3299 n.
718 3252 760 3299 Cb.
779 3250 837 3314 Vgl.
850 3257 927 3299 untcn
941 3268 961 3300 c.
976 3251 1016 3300 53.

714 3317 791 3368 aliud.
813 3319 856 3367 llio
870 3319 928 3367 Hds.
945 3317 1050 3383 aliquid,
1070 3333 1124 3367 was
1138 3333 1186 3367 nur

681 3387 833 3437 bezeichnen
846 3387 938 3437 kdnnte
959 3388 1050 3436 ‘dieses
1073 3387 1135 3435 oder
1145 3385 1185 3445 je-

681 3453 733 3504 nes'
747 3471 792 3504 aus
811 3456 880 3505 einer
892 3455 970 3505 lieihc
986 3454 1124 3517 gedachtcr
1136 3451 1186 3504 Ge-

678 3525 825 3585 genstdudc.
849 3524 972 3573 Aberdie
995 3522 1087 3573 Worte
1109 3538 1186 3587 quam

679 3594 748 3640 irarn
769 3596 792 3640 et
811 3591 999 3641 circulationem
1027 3594 1051 3639 et
1077 3595 1185 3640 secretam

679 3658 794 3708 libidines
807 3659 945 3722 verlaugcn
957 3660 1031 3709 einen
1041 3658 1185 3719 Ausdruch,

678 3728 790 3776 welchcr
799 3729 1002 3790 ganzallgemein
1012 3727 1083 3776 Alles
1096 3741 1187 3776 ausser

679 3796 734 3844 dcrn
744 3796 975 3857 husgenommeuen
988 3792 1096 3844 urnfasst
1108 3797 1186 3859 (quic-

678 3879 752 3927 quam
770 3864 832 3913 oder
852 3863 938 3914 aliud.-
957 3863 1030 3914 aliud
1048 3862 1111 3928 quid
1130 3871 1187 3913 ent·

678 3932 757 3982 hiolte
771 3933 906 3982 denselben
919 3931 1012 3982 Fohlor
1029 3932 1078 3981 wie
1089 3929 1188 3996 aliquid
