2646 4404
86 306 90 311 .
128 244 259 301 plius)
346 236 390 297 Aa
406 236 557 291 EXCESSU
574 238 643 293 DlVl
661 238 804 293 AUGUSTI
822 240 839 292 l.
858 240 901 291 la.
913 241 956 291 48.
966 241 1008 291 49.
1020 242 1061 292 511.
1108 281 1112 290 .
1167 244 1209 305 53

130 388 235 451 ddunt
245 388 374 469 ignaros,
386 392 468 452 nullo
479 392 539 453 nisi
552 393 679 454 consciis
695 401 850 465 noscente,
866 394 947 473 quod
963 395 1061 455 caedis
1077 395 1205 469 initium,

130 474 202 555 quis
215 472 296 537 finis.
319 475 438 538 Diversa
451 478 598 549 omnium,
615 498 691 558 quae
703 497 847 557 umquam
856 478 999 554 accidere,
1014 481 1144 541 civilium
1156 499 1204 541 ar·
1219 484 1260 540 aa

129 576 254 621 mamm
268 559 369 623 facies.
391 562 459 622 Nan
474 563 597 641 praelio,
614 582 676 624 non
692 564 823 624 adversis
841 584 857 624 e
873 564 992 636 castris,
1011 565 1062 625 sed
1078 565 1172 626 isdem
1189 586 1206 627 e

128 644 287 718 abiubm
303 665 378 724 quos
393 648 482 708 simul
496 649 642 709 vescentis
658 649 730 721 dies
747 647 837 709 simul
853 648 968 728 quietos
981 666 1040 709 nox
1051 649 1206 725 habuerat,

94 742 112 793 5
131 729 293 793 discedunt
304 731 335 791 in
345 740 454 811 partes,
466 733 607 810 ingerunt
614 735 679 794 tela.
703 735 820 795 Clamor
831 735 955 795 vulnera
967 735 1086 813 sanguis
1098 736 1205 814 palam,

129 832 223 879 causa
245 814 278 877 in
301 818 434 890 occult03
456 827 553 879 cetera
574 818 635 879 fors
656 820 740 897 regit.
763 817 801 878 Et
817 819 935 898 quidam
953 817 1103 881 bonorum
1118 821 1206 892 caesi,

127 908 294 983 postquam
314 902 474 974 intellecto,
497 904 526 963 in
548 923 623 982 quos
644 904 817 974 saeviretur,
839 904 961 982 pessimi
982 923 1102 984 quoque
1125 924 1205 967 arma

127 993 303 1067 rapuerant.
328 987 431 1066 Neque
452 988 567 1066 legatus
590 998 640 1050 aut
660 989 799 1049 tribunus
815 989 988 1050 moderator
1005 990 1112 1050 adfuit:
1137 1009 1207 1069 per-

127 1070 225 1135 missa
239 1072 324 1150 vulgo
340 1072 458 1133 licentia
474 1081 562 1151 atque
576 1074 650 1135 ultio
667 1084 696 1134 et
711 1075 840 1134 satietas.
864 1074 930 1134 Mox
944 1075 1097 1152 ingressus
1110 1083 1207 1136 castra

85 1164 110 1217 lu
131 1156 340 1228 Germanicus,
354 1175 415 1218 non
428 1158 606 1218 medicinam
614 1159 686 1220 illud
702 1159 838 1237 plurimis
851 1179 920 1220 cum
932 1160 1068 1230 lacrimis,
1082 1161 1135 1220 sed
1147 1161 1206 1221 cla-

131 1242 206 1305 dem
221 1242 382 1321 appellans,
399 1243 523 1303 cremari
539 1262 664 1322 corpora
680 1244 771 1304 iubet.

220 1327 335 1388 'l'ruces
351 1328 438 1389 etiam
460 1336 526 1388 tum
542 1329 657 1389 animos
673 1329 780 1408 cupido
796 1329 905 1390 involat
925 1328 1015 1389 eundi
1031 1328 1063 1388 in
1076 1329 1205 1402 hostem,

130 1412 284 1495 piaculum
296 1412 422 1483 furoris;
444 1432 501 1474 nec
513 1413 596 1475 aliter
608 1433 698 1493 posse
710 1415 819 1493 placari
837 1414 1075 1474 commilitonum
1093 1433 1206 1487 manes,

132 1516 228 1579 quam
246 1498 271 1558 si
285 1498 456 1576 pectoribus
472 1499 570 1577 impiis
586 1499 713 1560 honesta
731 1500 853 1560 vulnera
869 1500 1062 1577 accepissent.
1098 1499 1206 1578 Sequi-

85 1596 114 1651 la
134 1592 189 1645 tnr
204 1583 340 1644 ardorem
357 1583 485 1644 militum
498 1584 604 1644 Caesar
615 1585 777 1663 iunctoque
789 1592 882 1663 ponte
893 1584 1034 1644 tramittit
1050 1584 1207 1645 duodecim

129 1667 217 1731 milia
233 1689 250 1729 e
265 1668 442 1746 legionibus,
468 1687 521 1729 sex
537 1678 566 1728 et
581 1669 684 1747 viginti
700 1669 793 1730 socias
809 1669 950 1740 cohortis,
979 1677 1045 1730 octo
1069 1669 1206 1747 equitum

131 1754 207 1825 alas,
223 1772 351 1832 quarum
369 1772 401 1814 ea
416 1753 560 1814 seditione
572 1754 751 1815 intemerata
764 1755 911 1815 modestia
922 1754 988 1814 fuit.
1011 1753 1096 1814 Laeti
1108 1773 1206 1832 neque
1221 1766 1262 1820 50

129 1838 239 1921 procul
255 1838 396 1899 Germani
415 1839 572 1918 agitabant,
589 1841 660 1900 dum
683 1840 796 1901 iustitio
813 1839 851 1901 ob
867 1839 1012 1900 amissum
1027 1839 1206 1918 Augustum,

121 1932 204 2007 ¹post
218 1923 374 1986 discordiis
389 1925 561 1985 attinemur.
597 1926 635 1985 ht
649 1926 802 1987 Romanus
828 1925 943 2002 agmine
958 1942 1085 2003 propero
1102 1924 1206 1985 silvam

85 2020 110 2071 aa
131 2008 269 2073 Caesiam
284 2008 470 2088 limitemque
486 2028 502 2069 a
517 2008 636 2070 Tiberio
652 2019 792 2089 coeptum
809 2009 930 2081 scindit,
953 2017 1049 2070 castra
1064 2010 1096 2069 in
1112 2009 1206 2069 limite

169 2146 195 2197 1.
222 2149 346 2209 nascente,
361 2145 432 2195 nieht
444 2152 510 2196 etwa
523 2146 644 2208 ‘wusste',

131 2214 246 2267 sandcrn
267 2211 382 2277 ‘erfubr',
403 2215 453 2263 wie
475 2230 496 2263 c.
519 2215 551 2264 62
573 2214 644 2264 nullo

129 2286 251 2334 nomem
263 2282 411 2332 ‘erlannte’.

167 2340 223 2402 49.
245 2352 269 2400 5.
290 2348 423 2400 discedant
433 2352 461 2399 irc
470 2354 559 2416 paries
574 2357 642 2415 passi

131 2434 168 2469 n
195 2432 245 2468 aaa
271 2418 381 2483 praelio,
415 2433 463 2468 aare
489 2418 602 2469 aduersis
630 2435 644 2466 e

130 2489 230 2539 narrt·
246 2503 294 2536 nur
310 2488 391 2536 durch
406 2487 449 2536 ein
465 2486 585 2549 Zeugma,
603 2487 643 2535 in-

129 2554 192 2607 den
203 2555 249 2605 dar
260 2554 412 2618 allgemeine
426 2555 520 2617 Begriff
532 2556 575 2604 des
588 2555 643 2603 ein-

131 2623 215 2673 nder
250 2621 500 2687 Geganibertreteus
535 2622 642 2684 gedacht

130 2690 213 2741 vird:
230 2692 295 2741 dena
314 2692 339 2740 in
351 2690 396 2740 der
408 2692 526 2741 Schlacbt
538 2692 587 2739 und
601 2692 642 2740 bei

130 2756 288 2811 ieindlichen
308 2760 408 2821 Lagcrn
431 2759 499 2808 sind
511 2759 563 2808 die
579 2759 643 2809 Par·

130 2826 205 2879 tcien
217 2826 376 2893 geschiaden.

187 2898 212 2947 6.
248 2899 329 2945 cetera
350 2897 410 2960 sors
432 2897 509 2958 regei.
544 2895 643 2945 Sallust

130 2962 156 3014 1.
169 2962 214 3028 sl,
228 2966 240 3016 l
254 2965 314 3028 fars
327 2966 413 3012 omnia
425 2977 521 3027 regere.

170 3032 212 3084 111.
232 3030 302 3081 illud.
339 3031 390 3081 Der
410 3031 491 3080 iiltere
504 3030 642 3096 Sprachge-

130 3100 231 3151 bruach
250 3099 323 3150 ltere
344 3099 470 3148 durchans
482 3098 524 3148 die
537 3099 642 3147 Attrac-

130 3168 190 3219 tion
206 3168 333 3231 verlangt,
349 3167 427 3216 illam.
463 3164 523 3215 Tac.
541 3166 585 3215 hat
603 3167 641 3215 sie

131 3236 199 3287 nach
220 3242 293 3285 sanet
314 3234 526 3297 vernacbliissigt.
563 3233 590 3282 ll.
610 3234 641 3282 38

131 3300 192 3355 Nan
213 3306 280 3353 anaba
303 3318 391 3368 preces
413 3307 473 3352 sant
495 3301 575 3363 istad,
599 3301 644 3351 sed

129 3370 297 3439 efflagitatio.
314 3370 359 3422 lV.
371 3372 401 3420 19
414 3373 489 3436 quasi
499 3374 546 3418 aut
557 3369 643 3420 Varro

129 3440 222 3491 wasta
238 3444 285 3490 aut
304 3439 370 3489 ailad
389 3454 430 3490 res
449 3438 550 3503 pradliea
570 3443 641 3488 esset.

129 3508 166 3559 118
181 3506 253 3573 Quod
270 3507 320 3558 alti
333 3506 485 3556 modestiam
508 3535 540 3542 —
561 3509 642 3556 iater-

128 3577 307 3641 mabaniar.
341 3575 411 3627 xvi.
433 3575 464 3623 22
477 3577 642 3623 secessionem

128 3646 188 3695 hm
201 3643 231 3695 ta
243 3648 268 3695 si
281 3647 384 3709 partes,
404 3648 429 3692 et
445 3646 469 3692 si
485 3642 549 3692 idem
566 3643 641 3692 millii

127 3708 250 3771 mdaaai,
274 3712 367 3762 bellum.
387 3728 448 3763 esse.
483 3711 513 3759 Α.
537 3712 568 3760 43
590 3713 641 3760 sive

127 3779 275 3831 mmcd
287 3782 340 3830 sive
354 3782 482 3844 inquisitio
494 3783 558 3828 erat.
587 3779 641 3827 Ab·

128 3848 278 3899 'cabselnd
295 3847 324 3899 ll.
336 3846 364 3897 ll.
385 3849 416 3898 te
436 3846 568 3897 licaiacus
584 3850 640 3897 Aa·

126 3916 263 3983 rmum,
280 3914 457 3981 Vespasianus
476 3915 640 3966 Caesaream:

698 2146 743 2195 ada
760 2144 860 2208 Suriae,
881 2148 926 2195 boc
943 2145 1055 2196 Iudaeae
1070 2149 1146 2209 caput
1162 2149 1205 2194 est.

699 2214 798 2263 Ehenso
815 2212 889 2276 Virg.
908 2213 1086 2266 Aen.lll.173
1103 2229 1148 2262 aec
1163 2228 1205 2262 sa·

696 2296 744 2345 par
755 2281 820 2331 iliad
836 2285 901 2331 erat.
932 2282 990 2331 Sen.
1003 2288 1085 2345 tranq.
1099 2296 1139 2331 an.
1153 2284 1177 2344 9,
1190 2282 1206 2330 5

697 2366 747 2398 non
759 2350 814 2414 fait
826 2350 950 2413 elegantia
962 2348 1031 2398 illud
1041 2352 1087 2398 aaa
1098 2364 1170 2398 cura.

733 2418 772 2469 12.
782 2418 895 2467 involare
921 2418 968 2466 mit
989 2417 1044 2466 dem
1065 2416 1135 2478 Aac,
1156 2416 1206 2465 wie

697 2486 738 2535 die
761 2485 867 2535 Dichter
895 2486 946 2533 und
974 2486 1067 2535 audere
1090 2483 1206 2549 Spiterc,

698 2555 761 2603 noch
773 2553 802 2602 ll.
817 2553 859 2605 lv.
873 2553 904 2601 33
918 2557 1003 2603 casira
1016 2552 1165 2602 involavere.

733 2622 772 2673 13.
790 2638 836 2671 nec
846 2619 935 2686 lmiiplt
956 2622 997 2671 dic
1010 2637 1059 2670 von
1070 2621 1152 2670 einem
1163 2636 1207 2683 ge·

696 2691 803 2740 dachten
817 2691 928 2740 Verbum
941 2689 1069 2739 sentiendi
1086 2691 1149 2739 oder
1166 2690 1205 2739 di-

697 2759 770 2808 cendi
783 2758 923 2821 abhingige
936 2757 1025 2807 Oratio
1044 2757 1147 2822 obliqua
1164 2773 1204 2807 an.

697 2825 862 2877 &wstw

734 2897 771 2945 15.
794 2894 924 2943 duodecim
937 2894 1034 2943 miliae
1050 2892 1205 2958 legionibus:

697 2962 738 3011 die
751 2962 807 3011 vier
820 2963 948 3026 Legionen
968 2978 1007 3012 arn
1024 2962 1046 3011 N
1050 2962 1205 3012 iedcrrhein.

696 3032 721 3080 S.
735 3032 808 3079 eol.

734 3098 771 3149 17.
783 3113 892 3161 quaram
914 3097 1016 3146 bezieht
1037 3098 1091 3147 sich
1109 3097 1206 3146 sowohl

696 3163 742 3215 aui
760 3167 873 3217 cohortis
894 3166 932 3214 als
949 3164 995 3214 aul
1004 3165 1066 3214 alas.
1097 3164 1124 3215 C.
1138 3165 1171 3215 3b
1182 3167 1209 3214 si

697 3233 835 3283 auriliaci
848 3237 911 3283 socii
927 3233 1059 3283 adeersum
1072 3233 1205 3284 absceden-

697 3305 731 3351 tis
744 3303 854 3352 temones
866 3306 1041 3351 amarentur.

735 3336 789 3420 56.
814 3372 850 3419 19.
863 3370 952 3419 sileam
966 3371 1089 3420 Caesiam.
1102 3367 1207 3418 Germa-

698 3439 770 3489 nicus
784 3440 844 3501 ging
856 3439 897 3487 bei
907 3439 1002 3488 Vetera
1012 3436 1134 3496 (Xanten)
1144 3436 1207 3485 iiber

695 3506 742 3557 den
755 3507 843 3557 Rbein.
864 3503 918 3555 Aur
928 3508 983 3555 dem
994 3504 1076 3567 Wege
1088 3519 1137 3552 von
1147 3504 1207 3552 dort

695 3574 772 3624 bisin
786 3575 826 3625 die
840 3573 943 3638 Gegcnd
957 3589 1005 3622 von
1016 3572 1102 3620 llarnm
1113 3572 1205 3634 (Aliso,

695 3659 715 3692 s.
729 3642 757 3691 11.
771 3645 805 3706 ll,
824 3659 864 3691 wo
879 3658 907 3691 er
924 3640 1139 3690 wahrscbeinlich
1157 3640 1205 3689 den

694 3710 937 3771 limesiiberscbritt,
945 3710 981 3758 ist
990 3708 1031 3757 die
1041 3709 1105 3757 silua
1116 3706 1206 3757 Caesia

694 3795 726 3826 zu
740 3781 841 3828 suchen.

728 3846 769 3897 20.
789 3849 910 3911 coeptum,
925 3845 994 3893 nicht
1004 3843 1064 3892 weil
1074 3860 1103 3893 er
1114 3843 1206 3892 uurrrl-

694 3915 787 3976 lendet,
809 3915 917 3963 sonderu
939 3912 1000 3962 weil
1016 3927 1046 3960 er
1062 3912 1127 3960 noch
1146 3914 1205 3974 grb'-
