2646 4404
122 240 251 297 nmo)

334 228 378 281 aa
396 228 549 284 axcussu
565 230 634 287 ervi
651 231 798 286 lucusn
815 231 844 283 u.
863 234 903 285 ra.
915 233 956 283 14.
1154 234 1194 297 07

122 382 195 454 teli,
207 390 366 464 postquam
381 384 501 445 crebras
514 404 570 464 pro
586 386 783 447 munimentis
799 386 938 448 cohortes
954 395 985 448 et
999 389 1075 449 nihil
1086 388 1196 448 romis-

122 484 193 529 sum
206 486 337 529 sensere.

210 552 387 614 Noxcadem
398 553 506 614 laetam
514 554 693 615 Germanico
703 555 836 634 quietem
849 556 926 628 tulit,
938 556 1073 634 viditque
1083 575 1116 617 se
1128 575 1202 635 ope-
1215 563 1253 619 14

122 644 222 697 ratum
239 645 270 698 et
283 638 426 717 sanguine
440 656 525 699 sacro
546 657 682 718 respersa
708 648 858 718 praetexta
884 641 1084 719 pulchriorem
1107 641 1194 701 aliam
1234 674 1238 681 ·

84 730 105 783 5
124 720 266 784 manibus
280 723 362 784 ariae
379 723 528 801 Augustae
544 725 702 803 accepisse.
738 724 850 785 ductus
867 726 977 797 omine,
992 724 1196 785 addicentibus

123 806 264 885 auspiciis
284 816 369 868 vocal
384 809 565 881 contionem,
586 817 615 869 et
626 828 702 888 quae
712 809 857 887 sapientia
868 809 984 888 provisa
996 817 1123 887 aptaque
1137 809 1196 869 im-

122 890 255 953 minanti
280 910 411 971 pugnae,
438 892 565 952 disserit.
606 893 674 953 Non
694 912 815 971 campos
837 895 926 954 modo
949 894 1035 954 militi
1058 894 1194 954 Romano

123 974 162 1037 ad
177 976 323 1054 proelium
339 975 444 1046 bonos,
461 977 523 1048 sed,
539 977 564 1036 si
575 978 650 1037 ratio
663 978 750 1050 adsit,
766 978 853 1037 silvas
870 987 900 1038 et
916 979 1023 1039 saltus:
1042 996 1099 1039 nec
1114 978 1194 1038 enim

122 1058 264 1122 inmensa
275 1060 468 1123 barbarorum
480 1069 574 1131 scula,
597 1062 729 1122 enormis
750 1062 850 1124 hastas
871 1063 951 1123 inler
965 1069 1089 1123 truncos
1105 1062 1194 1123 arbo-

77 1152 104 1207 lo
122 1160 194 1205 rum
209 1153 240 1206 et
255 1154 342 1206 enata
354 1146 447 1205 humo
464 1146 588 1222 virgulta
603 1147 728 1224 perinde
743 1146 846 1207 haberi
861 1166 949 1225 quarn
965 1147 1023 1226 pila
1042 1156 1071 1206 et
1082 1146 1194 1225 gladios

124 1236 157 1291 el
170 1230 322 1291 haerentia
338 1231 455 1308 corpori
469 1231 610 1308 tegmina.
647 1232 814 1291 denserent
829 1231 919 1305 ictus,
935 1250 985 1292 ora
1001 1231 1195 1292 mucronibus

124 1321 315 1393 quaererent.
330 1314 397 1375 Non
407 1315 528 1375 loricam
543 1314 700 1384 Germano,
713 1334 775 1375 non
786 1317 912 1394 galeam3
928 1334 966 1377 ne
979 1325 1062 1376 scuta
1075 1316 1196 1395 quidem

124 1398 207 1459 lorro
216 1417 345 1460 nervove
352 1399 476 1471 firmata,
488 1399 539 1459 sod
549 1400 693 1460 viminum
705 1408 803 1459 textus
815 1402 859 1461 vel
873 1400 974 1461 tenuis
985 1408 1014 1461 et
1022 1401 1135 1461 fucatas
1143 1419 1195 1460 co·

122 1482 189 1545 lore
201 1482 329 1552 tabulas:
345 1483 472 1561 primam
484 1491 647 1563 utcumque
659 1485 753 1545 aciem
765 1485 921 1556 hastatam‚
938 1485 1045 1546 ceteris
1056 1492 1196 1564 praeusta

77 1580 106 1633 lo
125 1565 288 1629 auchrevia
305 1569 372 1628 tela.
412 1569 475 1628 lam
491 1587 609 1646 corpus,
626 1576 659 1629 ut
675 1569 738 1630 risu
753 1576 873 1630 torvum
890 1577 920 1630 et
935 1570 971 1631 ad
994 1569 1113 1630 brevem
1137 1569 1195 1629 im-

124 1659 230 1732 petum
246 1652 388 1719 validum,
410 1653 453 1712 sic
473 1653 553 1713 nulla
568 1654 725 1714 vulnerum
745 1654 900 1732 patientia:
931 1655 997 1714 sine
1012 1655 1127 1732 pudore
1142 1653 1195 1714 lla-

124 1736 200 1815 gilii,
215 1738 280 1799 sine
295 1755 364 1797 cura
381 1738 490 1797 ducum
502 1737 598 1808 abire,
614 1738 732 1814 lugere,
749 1739 872 1816 pavidos
888 1739 1029 1809 adversis,
1051 1739 1131 1799 inler
1145 1757 1194 1798 se-

163 1838 186 1890 l.
202 1853 249 1905 pro
268 1839 442 1889 munerantis.
474 1839 499 1888 S.
512 1854 544 1887 zu
556 1854 577 1887 c.
594 1837 635 1888 81.

119 1906 122 1913 '
163 1897 210 1957 14.
231 1908 255 1957 3.
282 1909 401 1971 quatem
434 1906 458 1955 S.
472 1921 504 1953 au
517 1922 538 1954 c.
552 1907 595 1954 65.

163 1972 274 2041 operari
283 1975 366 2024 heisst
381 1973 443 2022 ‘sich
453 1973 477 2021 ln
484 1971 634 2036 Thiitiglrcit

125 2040 223 2093 uuen'
242 2043 305 2092 oder
321 2042 356 2091 ‘in
369 2040 518 2102 'l'lritigloil
533 2047 634 2104 gesetzt

124 2107 254 2166 werdcn’3
273 2112 407 2176 operatus,
424 2108 473 2157 wic
491 2112 633 2173 occupatas,

125 2176 165 2227 ‘in
175 2176 326 2239 Tuitigkeit
341 2175 493 2238 befindlich'‚
511 2176 567 2225 hier
583 2177 633 2225 wie

125 2240 197 2295 oster
207 2260 257 2295 von
271 2245 378 2308 belliger
391 2243 538 2306 Handlung:
557 2242 633 2292 ‘belm

126 2308 223 2379 Oplor’,
235 2312 309 2362 nicht
320 2311 450 2362 ‘nachdem
463 2326 492 2361 er
501 2308 634 2374 geopfert‘.

125 2378 280 2445 Pomponius
299 2380 347 2430 133
366 2379 440 2429 Ribb.
470 2377 515 2427 Ad
525 2379 635 2429 Veneris

125 2450 167 2499 est
181 2446 317 2515 profectus
336 2462 411 2496 mane
426 2446 530 2510 vetulus,
550 2451 635 2495 aotam

97 2544 100 2549 ·
125 2519 159 2567 ui
177 2514 297 2565 salama:
316 2516 353 2565 ibi
372 2530 440 2564 nano
456 2517 572 2580 operatas
589 2518 633 2563 ast.

77 2590 82 2631 '.
125 2582 201 2647 Virg.
217 2580 309 2645 Georg.
322 2581 340 2631 l.
352 2581 401 2631 339
415 2581 497 2632 Sacra
508 2583 581 2647 refer
592 2580 635 2629 Ce-

125 2652 184 2703 rm'
196 2648 536 2715 lastmoperaiusiadcrdis.
561 2649 635 2713 Prop.

125 2716 166 2771 ΠΙ.
172 2718 236 2782 33,1
252 2716 344 2768 Tristia
356 2721 409 2767 iam
421 2717 530 2768 radaaal
540 2719 635 2766 iterum

124 2786 260 2837 „amnia
269 2787 355 2847 nolim
368 2784 476 2850 Cpaldia
487 2787 541 2833 iam
553 2788 636 2832 aoeies

125 2856 168 2905 esi
178 2856 284 2920 operata
295 2853 386 2904 decan.
408 2853 446 2902 Zu
459 2856 589 2918 operatum
602 2852 637 2900 ist

126 2922 201 2973 nieht
216 2937 269 2971 esse
284 2937 316 2969 zu
334 2922 472 2984 erg'iuzen3
489 2921 534 2969 das
551 2919 636 2969 Parti-

126 2990 224 3055 cipium
241 2989 310 3039 stelit
326 2988 367 3037 bei
384 2988 446 3037 vidit
461 3003 525 3051 ganz
542 3003 570 3036 so
587 2986 636 3036 wic

127 3058 177 3109 olor
191 3058 271 3107 durch
287 3060 312 3105 et
327 3057 406 3105 demit
419 3056 580 3105 ver-bondeno
592 3052 634 3102 ln-

127 3124 224 3177 lnitiv.

163 3192 189 3243 3.
218 3194 348 3258 sapientia
384 3193 490 3257 provisa
529 3194 636 3256 aptaque

126 3262 392 3325 minmiipugrrae.
408 3257 434 3307 ln
445 3259 490 3307 der
499 3255 635 3318 folgenden

127 3326 198 3381 Mo
219 3327 275 3391 gibt
291 3326 352 3377 Tac.
379 3342 428 3375 von
442 3326 517 3386 jenen
535 3325 633 3389 Diogen

127 3410 177 3461 sur
191 3394 292 3457 Niclrts,
313 3410 363 3444 von
384 3393 471 3444 diesen
494 3409 542 3442 nur
560 3394 634 3442 einen

128 3462 208 3517 ulan
218 3478 267 3521 an3
287 3463 341 3523 das,
353 3477 406 3510 was
420 3477 449 3510 er
461 3461 532 3510 nicht
544 3476 635 3522 ausge-

127 3530 203 3583 ruiis
217 3532 270 3593 hot,
287 3530 353 3579 lrielt
369 3545 398 3579 er
415 3529 454 3578 als
472 3526 538 3577 lilter
555 3529 579 3576 in
593 3530 638 3577 der

128 3596 323 3661 ltnegffiurung
339 3596 549 3646 wiederkelrrend
566 3596 638 3644 nieht

127 3664 420 3717 ffirbemcrlrenswerllr.
438 3663 635 3726 Uebrigensvgl.

127 3734 162 3787 Η.
173 3734 205 3786 V.
221 3734 250 3783 Π
266 3734 335 3796 Quae
349 3731 479 3798 pranderi
491 3736 550 3781 asia
563 3731 636 3780 ducis

128 3804 280 3869 oportuerit,
290 3803 399 3866 manda.
416 3799 478 3849 Sall.
492 3799 548 3861 lug.
564 3800 603 3859 49,
620 3799 634 3847 2

128 3870 236 3937 quarob
244 3866 539 3935 irnpcraioredecueriat,
550 3869 635 3915 omnia

188 3952 302 3995 comeum
315 3951 401 3992 'l'aoitue
415 3951 432 3993 1.
447 3956 467 3994 o.
480 3950 538 3991 Aull.

688 1841 866 1903 soisprovisa.

724 1908 748 1956 8.
768 1905 818 1954 sed.
844 1906 869 1955 S.
882 1923 914 1955 zu
927 1906 944 1956 l.
959 1908 1001 1956 60.

725 1975 763 2024 10.
774 1973 863 2024 labari
872 1973 1042 2024 fflandhaben’.
1055 1973 1198 2037 Habendos,

687 2057 741 2091 was
753 2040 920 2091 Germanicus
933 2058 982 2092 von
993 2041 1041 2091 den
1052 2039 1194 2092 Germanen

687 2117 753 2173 sagt,
766 2126 787 2158 s.
801 2107 899 2158 osu.
912 2110 936 2158 6.

723 2177 762 2228 13.
783 2191 865 2226 nervo.
885 2175 1006 2226 Hierund
1018 2177 1059 2225 hel
1069 2175 1197 2225 SilinslV.

689 2243 739 2294 293
773 2245 942 2308 subterluquc
973 2246 1088 2307 tegmina
1114 2245 1199 2294 amois

690 2311 782 2361 ‘lluut'.

726 2382 764 2430 14.
789 2382 924 2442 utcumque
944 2377 1037 2440 ‘gleiclr
1055 2378 1107 2427 viel
1130 2377 1197 2441 wie'‚

690 2448 713 2496 d.
728 2448 752 2496 l.
767 2445 1007 2508 ‘einigcrmaosscn'.
1020 2446 1078 2496 lllen
1088 2444 1145 2494 will
1154 2444 1201 2495 aul

689 2515 730 2563 die
750 2513 944 2576 Uotersuclrung
964 2514 1009 2562 des
1029 2513 1105 2562 ‘Wie'
1129 2513 1198 2563 nicht

690 2583 811 2644 eingehn,
833 2581 921 2631 deutet
942 2581 1002 2629 aher
1024 2581 1136 2630 dadurch
1156 2597 1197 2642 an,

689 2651 748 2698 dass
761 2665 789 2699 es
799 2649 915 2698 schlccht
924 2649 1001 2698 darnit
1011 2649 1087 2698 steht.
1101 2646 1156 2697 ΧΠ.
1165 2649 1195 2697 51

707 2721 803 2767 amam
814 2720 951 2780 claramque
960 2718 1058 2782 sugam
1070 2714 1196 2766 toleravit.

718 2784 758 2836 lV.
770 2785 801 2833 57
814 2787 899 2834 caueri
907 2788 1043 2848 utcumque
1052 2785 1083 2833 ab
1092 2785 1198 2833 urbanis

689 2852 801 2901 insidiis.
826 2853 856 2900 Α.
868 2854 899 2900 39
911 2856 991 2902 catera
1004 2856 1140 2915 ulceraque
1146 2854 1196 2917 sa-

689 2919 764 2970 cilius
786 2920 956 2970 dissimulari.
988 2920 1081 2970 Livius
1098 2918 1196 2970 ΧΧΙΧ.

691 2989 731 3047 15,
743 2989 753 3036 l
769 3003 832 3051 quae
844 2987 928 3036 dubiis
941 2989 968 3036 ia
981 2989 1056 3037 redas
1064 2992 1198 3052 atcumque

689 3054 796 3104 tolerata
813 3059 904 3104 essent.
938 3054 1004 3104 Ouid
1022 3071 1059 3120 ep.
1079 3070 1112 3105 ex
1124 3056 1197 3105 Pont.

689 3122 787 3185 lV.14,
807 3122 822 3171 3
840 3127 951 3188 eccepto,
978 3123 1045 3186 quod
1060 3124 1143 3174 addua
1157 3127 1198 3173 ul-

689 3206 795 3254 cumqae
804 3189 924 3239 valemus.
938 3190 1023 3254 Quint.
1034 3191 1062 3241 ll.
1071 3192 1094 3255 3,
1103 3194 1196 3258 douae,

690 3273 844 3321 quaaepuam
874 3262 897 3307 el
925 3260 983 3324 ipsa
1006 3262 1199 3326 reprehensione

689 3325 777 3389 digna
790 3328 915 3374 securitas
926 3331 1012 3375 lamen
1024 3332 1091 3375 esset
1099 3333 1197 3377 atcum-

689 3409 737 3456 que
747 3393 891 3442 tolerabilis.

725 3463 764 3512 15.
784 3462 867 3510 breuia
883 3461 936 3511 tela
950 3462 1007 3510 sind
1020 3461 1062 3510 dic
1080 3459 1137 3510 G.6
1154 3474 1197 3521 go-

692 3529 847 3578 schilderten
864 3528 989 3590 frameae,
1005 3528 1125 3577 wiihrend
1144 3542 1198 3576 was
1292 3563 1296 3569 .

691 3597 749 3646 hier
760 3598 844 3658 lasa,
858 3597 916 3645 dort
930 3597 1017 3645 lancea
1027 3597 1116 3644 heisst.
1132 3593 1197 3645 Ger·

691 3664 803 3713 manicos
816 3664 939 3713 sonildon
949 3663 1076 3713 dicSuche
1088 3663 1199 3713 absicht-

690 3732 742 3780 lioh
754 3731 898 3792 ungiinstig.

728 3801 765 3847 17.
782 3797 889 3864 panidos
905 3798 1028 3861 advorsis,
1041 3798 1091 3847 wie
1105 3799 1132 3847 ll.
1146 3797 1164 3847 l.
1182 3800 1196 3847 'l

689 3881 821 3917 seruorum
831 3882 922 3917 manos
929 3866 1124 3928 ruditisarvidac
1136 3866 1195 3915 llor.

989 3958 1001 4002 7
