2646 4404
118 187 179 250 308
515 184 780 239 consummem

1068 195 1098 252 (s.
1110 209 1132 238 ιι.
1144 199 1178 240 'itt

63 364 102 419 7⁰
118 350 148 403 et
167 341 294 420 parietes
314 340 647 419 circumspectabantur.
673 340 732 402 Sed
747 339 855 403 Caesar
876 339 1035 403 sollemnia
1049 338 1182 418 incipieu-

118 427 157 487 tis
172 427 243 487 anni
258 426 392 488 kalendis
407 425 552 487 Ianuariis
568 426 694 506 epistula
715 434 864 505 precatus,
886 423 977 487 vertit
991 424 1026 485 in
1040 423 1183 491 Sabinum,

120 520 276 591 corruptos
292 512 436 592 quosdam
450 511 627 572 libertorum
642 519 673 571 et
686 510 814 590 petitum
829 529 864 571 se
878 527 1019 589 arguens,
1034 509 1184 571 ultionem·

120 616 179 677 que
190 598 269 658 baud
281 596 406 658 obscure
415 597 564 676 poscebat.
579 595 641 656 Nec
652 613 744 668 mora,
756 596 829 675 quin
842 596 1078 674 decernereturss,
1091 601 1122 655 et
1132 602 1186 657 tm-

119 681 248 744 hebatur
263 682 428 751 damnatus,
449 689 599 760 quantum·
610 681 737 742 obducta
751 688 834 742 veste
853 687 884 741 et
898 680 1050 742 adstrictis
1064 679 1210 766 feucibusg

120 767 177 828 niti
197 776 325 847 poterat,
343 766 497 828 clamitans
515 766 559 828 sic
574 765 706 827 inchoari
721 783 846 838 annum,
866 766 922 827 bas
936 765 1047 827 Seiano
1062 765 1187 827 victimis

121 851 235 914 cadere.
263 852 328 923 Quo
344 851 520 912 intendisset
542 851 651 922 oculos,
678 870 738 930 quo
753 849 843 910 rerba
858 849 1038 922 acciderent,
1064 850 1133 928 fuga
1145 868 1188 911 ra·

121 937 219 1011 stitas;
235 937 333 998 deseri
343 937 450 998 itinera
463 938 541 997 fora:
558 946 587 997 et
599 935 717 1014 quidam
729 935 976 1014 regrediebantur
988 935 1189 996 ostentabant·

121 1041 179 1100 que
193 1042 226 1084 se
240 1040 370 1093 rursum,
385 1023 413 1082 id
429 1021 527 1101 ipsum
544 1030 697 1102 paventes,
712 1022 794 1101 quod
808 1020 992 1083 timuissent.
1007 1019 1109 1092 Quem
1118 1019 1189 1083 onitu

121 1107 203 1169 diem
218 1126 342 1169 vacuum
359 1126 464 1186 poena,
480 1106 530 1168 ubi
546 1107 626 1168 inter
641 1125 724 1168 sacra
738 1113 768 1165 et
779 1113 858 1178 vota,
874 1125 934 1184 quo
949 1114 1093 1186 tempore
1108 1104 1193 1167 verbis
1207 1137 1227 1188 p

121 1191 212 1254 etiam
226 1193 361 1271 profanis
374 1191 517 1253 abstineri
532 1210 598 1254 mos
613 1201 702 1264 essct,
716 1191 809 1252 vincla
821 1199 852 1251 et
862 1191 987 1270 laqueus
999 1185 1192 1253 inducantur?

120 1277 188 1339 Non
202 1279 415 1358 inprudentem
429 1277 584 1338 Tiberium
598 1284 712 1338 tantam
734 1275 874 1338 invidiam
890 1277 1004 1339 adisse:
1028 1276 1192 1356 quaesitum

121 1364 367 1442 meditatumque,
387 1381 425 1424 ne
441 1363 512 1442 quid
527 1362 671 1442 impedire
686 1362 832 1435 credatur,
853 1379 913 1441 quo
927 1361 1033 1423 miuus
1051 1361 1123 1423 novi
1136 1378 1193 1423 ma-

121 1448 272 1527 gistratus,
300 1448 451 1527 quomodo
474 1447 596 1509 delubra
618 1456 648 1509 et
667 1446 776 1518 altaria,
802 1447 845 1508 sic
864 1465 1017 1509 carcerem
1034 1446 1192 1509 recludant

122 1534 245 1594 Secutae
259 1532 382 1611 insuper
396 1533 513 1594 litterae
528 1538 625 1611 grates
642 1531 764 1610 agentis,
779 1531 860 1611 quod
871 1531 1030 1593 hominem
1046 1533 1193 1594 iuieusun
1207 1571 1225 1620 ¹,

121 1617 164 1679 rei
179 1617 313 1696 publicae
328 1617 524 1696 punivissent‚
545 1618 660 1680 adiecto
682 1617 829 1696 trepidam
846 1616 902 1679 sibi
916 1617 1022 1691 vitam,
1048 1624 1192 1698 suspectu

121 1702 313 1763 inimicorum
336 1703 468 1784 insidias,
492 1702 572 1763 nullo
588 1703 767 1764 nominatim
782 1702 964 1781 conpellat03
979 1720 1085 1783 neque
1100 1711 1191 1764 tamen

122 1787 311 1849 dubitabatur
326 1787 358 1848 in
374 1787 525 1848 Neronem
541 1797 572 1848 et
586 1788 777 1867 Agrippinam
793 1781 919 1849 intendi.

71 1885 104 1940 τι
205 1872 242 1933 Ni
254 1873 327 1934 mibi
343 1872 525 1934 destinatum
542 1873 619 1935 foret
634 1891 723 1934 suum
745 1890 881 1951 quaeque
896 1872 927 1934 in
943 1889 1063 1934 annum
1079 1876 1190 1944 reterre.

124 1957 227 2018 arebat
242 1957 359 2019 animus
374 1958 469 2018 antire
483 1958 645 2037 statimque
660 1976 826 2020 memorare
841 1957 947 2030 exitus,
970 1977 1051 2038 quos
1067 1957 1191 2020 Latinius
1204 1990 1221 2041 g

124 2043 327 2123 atqueOpsius
343 2043 493 2122 ceterique
504 2043 606 2122 flagitii
618 2043 681 2104 eius
692 2050 863 2122 repertores
874 2043 1017 2115 habuere,
1034 2060 1101 2105 non
1112 2041 1190 2104 modo

123 2138 282 2209 postquam
303 2129 334 2190 C.
358 2128 463 2190 Caesam
482 2147 585 2190 rerum
602 2129 715 2207 potitus
738 2136 793 2201 est,
814 2128 867 2189 sed
893 2127 1039 2191 ineolumi
1065 2127 1190 2199 Tiberim

125 2215 177 2294 qui
188 2215 333 2276 scelerum
346 2213 501 2276 ministros
512 2222 546 2274 ut
557 2214 687 2294 perverti
702 2213 737 2276 ab
751 2213 813 2275 aliis
825 2213 952 2286 nolebat,
967 2213 1008 2277 ita
1019 2213 1190 2294 pierumque

162 2352 183 2400 1.
201 2353 482 2420 circumspectabantur
496 2349 636 2402 ‘manwerf
724 2350 763 2403 13.
782 2368 813 2402 ne
823 2349 886 2416 quid
901 2353 960 2419 inp.
973 2349 1012 2402 ed.
1027 2350 1150 2403 credulem
1161 2350 1190 2402 ist

125 2420 320 2482 ernwdhnisohe
348 2419 436 2470 Blicke
463 2422 528 2471 nach
557 2420 632 2470 ihnen
687 2418 792 2483 Subject
812 2437 843 2470 zu
867 2421 1009 2485 wadum
1032 2419 1190 2471 medilatus·

125 2487 229 2539 umber'.
254 2490 283 2540 H.
314 2488 355 2539 IV.
387 2489 402 2539 8
430 2488 514 2539 eudes
539 2503 635 2553 qnoque
687 2504 740 2555 gite.

125 2570 155 2604 ac
172 2571 301 2608 sermones
326 2560 441 2606 omnium
465 2560 632 2624 circumspec-
725 2555 764 2608 16.
787 2559 915 2623 suspectus
932 2554 972 2607 ‘er
987 2553 1108 2623 sdrcbtc',
1126 2553 1190 2607 ‘habt

125 2626 189 2672 taem.
225 2626 257 2676 A.
283 2625 315 2675 32
338 2624 452 2691 trepidos
476 2626 633 2690 ignoraretis,

125 2688 223 2744 caelum
245 2697 333 2761 ipsum
356 2709 386 2742 uc
408 2708 481 2744 mure
505 2696 528 2742 ei
547 2693 634 2756 siivas,

125 2761 212 2825 ignota
224 2765 310 2813 omnia
318 2764 566 2828 circumponentes.
581 2761 634 2812 Cic.

125 2827 152 2876 in
163 2829 213 2880 Pis.
225 2833 267 2893 41,
277 2829 308 2880 99
319 2832 569 2896 circumspectantem
580 2844 635 2879 om·

125 2898 178 2960 nio,
196 2897 319 2964 quidquid
334 2901 505 2966 increpuisset,
516 2900 635 2964 pertime-

109 2970 241 3017 scentem.
268 2966 330 3017 Sall.
344 2967 402 3030 tug.
421 2967 452 3016 72
469 2968 634 3033 circumspec-

124 3035 180 3083 tare
201 3038 286 3085 omnin
302 3039 325 3084 et
342 3035 414 3084 cenni
432 3036 540 3100 strepitu
559 3049 633 3101 paee·

124 3113 202 3151 scere.

159 3160 212 3218 td.
237 3169 260 3218 2.
273 3166 389 3218 dolendis
400 3168 533 3218 Ianuariis
544 3184 582 3234 ep.
592 3183 634 3235 pr.

126 3234 178 3284 Der
187 3234 260 3287 Brief
266 3236 354 3286 wurde
364 3251 404 3285 em
412 3243 500 3286 ersten
506 3236 563 3286 dun.
576 3251 636 3286 vor·

125 3303 230 3365 geicsen
248 3306 298 3353 und
310 3318 365 3353 wer
381 3303 408 3353 iu
426 3304 510 3354 dieser
527 3302 636 3355 Absicbt

126 3372 422 3439 undioruussotzuug
461 3371 635 3436 geschricbcu.

128 3428 212 3507 Heben
221 3442 262 3504 dip
272 3441 349 3491 Feier
358 3441 403 3490 des
413 3438 480 3504 Tegs
489 3457 522 3520 pu
531 3439 572 3491 lv.
581 3441 619 3493 l'i.

127 3508 636 3692 ptettttutnetcedr

144 3660 225 3710 ringo.

688 2641 721 2674 zu
732 2622 868 2686 iiircbteu’‚
880 2623 931 2673 wie
941 2621 979 2672 ΙΙΙ.
995 2624 1036 2673 52.

722 2684 776 2742 tl.
812 2691 854 2740 tt.
883 2690 929 2741 sed
950 2690 1076 2742 ineolumi
1100 2688 1191 2742 Teos

688 2757 791 2811 wielli.
804 2760 844 2810 56.
863 2759 926 2810 Dies
943 2759 1046 2811 beziebt
1056 2759 1115 2811 sicia
1128 2759 1192 2809 blm

689 2826 735 2879 eui
754 2827 871 2878 Latinius
890 2827 1013 2877 Latiaris.
1034 2827 1078 2880 Vl.
1099 2828 1118 2879 4
1137 2830 1191 2877 tute

689 2895 794 2946 terendae
813 2910 909 2962 poenae
930 2897 1033 2960 primus
1056 2895 1120 2960 suit.
1151 2893 1191 2945 bie

688 2964 795 3027 iibrigen
807 2963 863 3013 sind
873 2963 1071 3026 unterCeiigule
1081 2959 1192 3023 beetreit,

688 3032 739 3083 und
751 3033 797 3080 der
810 3032 911 3082 bericbt
923 3032 1032 3081 dariiber
1043 3031 1080 3081 ist
1091 3032 1140 3082 mit
1148 3031 1193 3081 deu

688 3099 980 3151 betrcffendenBiichorn
992 3099 1036 3149 des
1044 3098 1194 3151 'recuter-

689 3182 826 3233 geguugen.
860 3168 923 3218 Vom
943 3168 1054 3219 Porcios
1081 3167 1146 3218 Cato
1162 3166 1193 3229 (a.

690 3236 731 3298 ds)
744 3235 840 3287 wissen
851 3236 909 3297 wir,
926 3236 985 3286 dass
1002 3250 1031 3285 er
1047 3237 1125 3287 Cous.
1143 3232 1194 3286 suf.

688 3304 714 3354 iu
728 3304 810 3354 ciuem
823 3304 999 3354 unbekanntcn
1009 3304 1074 3354 anr
1084 3319 1139 3355 wer
1149 3301 1194 3353 ιιιΙ

691 3374 785 3438 spitcr,
797 3374 830 3424 38
843 3390 866 3423 u.
877 3373 929 3435 Cb,
943 3375 1050 3423 curator
1060 3386 1195 3437 spuerent,

690 3442 753 3491 aber
770 3457 819 3492 nur
835 3441 911 3492 einen
923 3439 1018 3499 Monet,
1033 3455 1088 3490 was
1102 3438 1196 3490 zumi-

691 3526 738 3575 gcn
751 3509 859 3571 subsint,
876 3510 935 3560 dass
955 3524 985 3559 er
997 3508 1095 3559 demnis
1108 3523 1197 3560 rerur-

690 3579 766 3628 theiit
795 3578 892 3627 wurdc.
932 3575 1048 3627 Frontiu.
1079 3592 1120 3643 aq.
1151 3576 1197 3631 10²

689 3646 795 3711 Aquilio
806 3646 906 3697 Iuliano
923 3649 947 3696 ot
957 3641 1040 3695 Nonio
1056 3648 1200 3714 Asprenate

138 3715 340 3781 „Abs-lidw-
366 3713 444 3765 Nicht
456 3729 512 3763 zum
523 3712 635 3777 flingen,

689 3728 739 3764 cos.
752 3713 786 3765 M.
797 3716 907 3769 Porcius
921 3714 995 3765 caeo.-
1007 3714 1200 3765 toteseeowit

127 3774 491 3849 wissepuupgssbkdrosseln.
517 3781 543 3832 S.
562 3798 594 3831 zu
612 3797 634 3831 c.
686 3785 744 3849 post
755 3798 867 3833 mensem
876 3781 931 3834 Ser.
941 3784 1051 3833 Asinius
1061 3780 1141 3848 Celer,
1151 3781 1201 3833 wic

127 3845 167 3896 29.
184 3849 212 3901 V.
225 3851 249 3900 9.
283 3855 287 3859 “

690 3850 730 3894 ‘lie
742 3850 825 3894 Sinite
837 3867 867 3890 ιιι
882 3851 1015 3901 ιιιΙιΡείΒθΙΙ
1026 3850 1072 3901 ist·
