2646 4404
65 269 85 307 p.
101 255 138 298 Cb.
154 256 190 310 31)

301 242 344 293 ΑΒ
357 240 508 296 excussu
520 240 588 296 nivi
598 240 743 295 AUGUSTI
755 241 798 295 Vl.
811 243 853 295 eo.
866 242 907 293 dl.

1003 258 1007 265 '
1072 240 1134 306 375

64 396 158 456 Pavor
168 397 240 458 hinc
250 398 281 458 in
295 415 415 459 omnes:
433 405 463 458 et
478 397 569 458 ceteri
579 396 690 476 passim
704 397 842 475 dispergi,
858 416 891 457 se
906 396 1034 477 quisque
1050 415 1134 457 mae-

64 490 143 542 stum
159 491 209 543 aut
223 483 354 544 nescium
366 484 495 560 lingere3
511 482 618 543 Caesar
628 482 660 541 in
674 483 824 542 silentium
836 482 912 542 linus
925 499 1070 543 asumma
1082 500 1135 561 spe

64 567 223 629 novissima
239 569 433 648 exspectabat.
456 568 552 629 llacro
569 567 737 646 intrepidus
754 567 881 646 opprimi
904 585 1008 628 senem
1023 566 1134 627 iniectu

63 653 174 714 multae
189 653 279 713 vestis
302 652 385 714 iubet
407 652 581 732 discedique
604 648 640 712 ab
662 651 775 713 limine.
811 652 860 713 Sic
875 648 1013 713 Tiberius
1028 644 1133 721 linivit,

26 748 41 797 5
63 744 165 797 octavo
182 745 211 797 et
228 738 446 816 septuagesimo
462 738 567 798 aetatis
582 755 672 797 anuo.

147 822 236 883 Pater
247 824 274 883 ei
285 823 362 883 Nero
380 831 409 882 et
420 823 572 901 utrimque
585 822 667 899 origo
683 821 782 899 gentis
795 821 941 891 Claudiae,
952 838 1132 901 quamquam
1147 827 1189 888 51
1256 872 1269 885 ,

61 913 157 968 mater
171 908 203 967 in
217 908 330 968 Liviam
347 918 376 968 et
392 927 462 968 mox
478 908 581 967 luliam
597 906 737 967 familiam
750 907 962 984 adoptionibus
975 906 1133 966 transierit.

61 991 153 1053 Casus
168 993 264 1071 prima
280 993 316 1053 ab
331 993 456 1053 infantia
473 992 625 1070 ancipites.
650 991 724 1051 Nam
737 992 939 1070 proscriptum
956 1000 1069 1070 patrem
1083 1009 1134 1051 ex-

60 1077 92 1136 ul
107 1085 235 1149 secutus,
252 1078 302 1138 ubi
320 1078 441 1138 domum
457 1076 579 1156 Augusti
595 1076 748 1155 privignus
763 1076 888 1146 introiit,
911 1078 1014 1137 multis
1031 1094 1133 1136 aemu-

10 1176 38 1225 10
59 1162 94 1222 lis
107 1163 294 1224 conlliclatus
307 1171 362 1234 est,
378 1164 449 1223 dnm
462 1161 619 1222 Marcellus
632 1169 662 1220 et
672 1160 808 1240 Agrippa,
825 1180 893 1222 mox
906 1162 995 1222 Gaius
1006 1160 1134 1220 Lucius-

60 1267 119 1326 que
140 1248 279 1308 Caesares
304 1248 434 1325 viguere.
472 1247 568 1306 Etiam
596 1247 687 1306 irater
713 1247 777 1306 eius
800 1246 914 1306 Drusus
941 1244 1133 1326 prosperiore

61 1332 168 1393 civium
185 1352 286 1393 amore
302 1341 374 1392 erat.
399 1333 458 1393 Sed
475 1332 601 1392 maxime
625 1331 656 1390 in
672 1331 786 1392 lubrico
811 1332 870 1409 egil
886 1340 1005 1411 accepta
1020 1331 1052 1390 iu
1067 1349 1133 1390 ma-

59 1418 236 1478 trimonium
263 1418 352 1490 lulia,
382 1417 587 1495 inpudicitiam
610 1417 710 1476 uxoris
732 1417 863 1477 tolerans
891 1425 942 1477 aut
972 1415 1132 1477 declinans.

59 1501 133 1562 Dein
149 1503 253 1563 Rhodo
269 1522 423 1581 regressus
440 1521 547 1562 vacuos
562 1501 705 1580 principis
720 1511 843 1579 penates
866 1502 1021 1562 duodecim
1037 1500 1135 1571 annis,

10 1596 36 1645 ;5
61 1606 130 1647 mox
156 1589 199 1647 rei
228 1588 379 1648 Romanae
402 1587 557 1648 arbitrium
580 1586 676 1646 tribus
698 1587 794 1646 ferme
818 1595 848 1646 et
870 1587 972 1663 viginti
995 1585 1135 1646 obtinuit.

58 1671 176 1734 Morum
192 1691 311 1752 quoqne
334 1683 469 1751 tempora
491 1672 533 1732 illi
556 1672 689 1731 diversa:
725 1671 877 1750 egregium
905 1671 962 1731 vita
985 1672 1132 1749 famaque,

59 1758 155 1836 quoad
179 1758 312 1836 privatus
336 1759 381 1817 vel
403 1759 434 1817 in
458 1758 591 1835 imperiis
614 1756 670 1817 sub
686 1757 820 1834 Augusto
843 1756 913 1828 iuit3
936 1757 1084 1817 occultum
1100 1772 1133 1813 ac

59 1843 220 1903 subdolum
237 1843 382 1920 lingendis
399 1842 568 1915 virtutibus
585 1843 680 1902 donec
691 1841 886 1903 Germanicus
902 1861 936 1902 ac
951 1842 1064 1902 llrusus
1081 1859 1136 1900 su-

58 1929 214 2006 perfuere:
239 1928 317 1987 idem
334 1929 413 1988 inter
427 1928 505 1988 bona
522 1929 659 2006 malaque
675 1926 784 1987 mixtus
800 1927 943 1987 incolumi
960 1934 1063 1996 matre,
1084 1925 1133 1984 in-

59 2149 110 2198 ‘ihr
133 2147 262 2212 geniigeu',
289 2149 384 2198 ‘selaeu
408 2147 501 2200 Tribut
525 2151 569 2199 ab·

58 2219 168 2279 trageu'.

96 2286 116 2334 l.
143 2289 276 2345 maestum,
290 2284 354 2334 iiber
371 2285 411 2334 die
424 2282 568 2334 lirunlrhcit

58 2351 103 2401 des
120 2351 248 2415 Tiberius,
266 2353 299 2401 im
313 2351 456 2414 Gegeusatz
474 2369 506 2401 zu
523 2352 568 2402 der

57 2418 166 2483 Frende,
181 2422 221 2470 dle
232 2421 269 2470 sie
278 2420 341 2470 iiber
351 2422 399 2470 deu
409 2420 509 2469 Autritt
522 2421 568 2470 des

59 2486 176 2551 Caligula
185 2489 298 2551 gezcigt3
308 2492 422 2538 nescium
433 2489 568 2538 ‘alswiiss-

58 2557 158 2605 tensio
176 2572 225 2606 von
243 2555 350 2621 llicbts’,
373 2558 411 2606 als
429 2572 502 2606 wouu
521 2571 568 2618 gar

59 2624 143 2673 nichts
160 2624 387 2686 Ungewtibulicbes
408 2623 568 2688 vorgel'alleu

57 2691 138 2755 wiire,
151 2708 238 2742 woran
252 2693 290 2741 sie
303 2693 359 2743 sich
368 2694 504 2754 betheiligt
513 2694 569 2742 biit-

58 2766 111 2820 teu,
124 2761 174 2809 wie
188 2761 252 2809 doch
264 2762 343 2809 durch
360 2761 416 2811 ihre
430 2763 485 2810 deur
499 2760 568 2809 Cali-

58 2827 117 2888 gula
140 2828 340 2891 dargebrachtcn
363 2828 566 2878 Gliiclrwiinsebe

58 2897 184 2957 geschebu
195 2913 256 2947 war.
273 2896 375 2946 Ebeueo
385 2896 429 2945 Xl.
441 2897 472 2946 35
484 2897 512 2946 V
511 2896 567 2945 itel-

56 2964 109 3013 lius
127 2967 219 3029 ignaro
235 2968 346 3030 propior.
375 2964 440 3014 Xlll.
463 2965 493 3016 lb
511 2964 565 3027 Ille,

56 3036 87 3080 ut
98 3037 154 3082 erat
166 3031 269 3081 reclinis
280 3037 306 3082 et
318 3037 401 3082 nescio
413 3033 514 3082 similas.

92 3100 116 3149 2.
145 3100 240 3149 Caesar
256 3100 310 3150 ‘der
323 3100 420 3163 (laisar’,
432 3102 472 3151 als
485 3101 565 3161 Titel,

57 3167 104 3217 den
118 3168 169 3216 olle
183 3168 355 3218 kaiserliclreu
371 3169 481 3219 Priuzea
499 3166 568 3218 liihr-

57 3244 110 3285 teu.

92 3305 117 3353 4.
127 3304 218 3367 finivit
230 3302 396 3352 mitleiehter
408 3304 506 3369 ldllipse
517 3319 568 3352 von

57 3373 145 3431 uitam,
160 3387 213 3420 was
228 3377 300 3419 soust
313 3372 492 3432 biuzugesetzt
504 3372 568 3421 wird

57 3439 87 3500 (l.
105 3440 129 3488 9.
147 3438 176 3489 ll.
195 3439 236 3487 83.
254 3439 284 3489 V.
305 3439 320 3487 3
341 3440 399 3500 und,
416 3455 456 3487 wo
470 3440 569 3488 Selbst-

57 3508 129 3557 ruord
142 3507 252 3569 gemeiut
264 3508 308 3569 ist,
322 3506 362 3556 lV.
376 3507 417 3556 35.
435 3506 503 3558 XIV.
515 3509 568 3570 31).

93 3578 116 3625 5.
143 3579 228 3624 octavo
246 3579 271 3624 et
287 3578 474 3640 septuagesimo
496 3580 567 3624 aeta-

57 3646 92 3692 tis
112 3659 185 3692 αιιιιο.
211 3643 281 3693 Suet.
304 3643 359 3691 Tib.
386 3645 401 3691 5
425 3642 509 3694 Natus
530 3648 568 3693 eat

56 3716 131 3760 reato
155 3711 252 3760 decim
281 3709 402 3759 kabades
423 3711 568 3761 Decembris

57 3778 92 3829 Μ.
117 3778 229 3827 Aemillo
259 3781 365 3832 iterum.
395 3776 423 3827 L.
450 3779 566 3829 Munatio

57 3847 152 3896 Planco
169 3848 314 3896 consulibus
337 3847 379 3906 (42
393 3863 417 3896 v.
430 3847 495 3909 Cb).
525 3846 567 3897 Sic

56 3918 126 3964 carim
143 3918 169 3964 in
186 3916 273 3980 faetor
289 3918 395 3979 actaque
407 3915 508 3981 publiea
526 3930 567 3965 re·

623 2151 702 2201 latum
720 2155 765 2201 est.
796 2147 846 2198 Nec
862 2153 947 2198 tamen
966 2147 1067 2209 desunt,
1090 2151 1137 2213 qui

620 2222 717 2285 parlim
733 2217 892 2267 concedente
909 2231 987 2277 anno,
1009 2216 1091 2265 Hirtii
1104 2231 1135 2265 ae

623 2289 733 2348 Paterae,
747 2288 845 2351 partim
858 2288 1012 2348 insequente,
1032 2282 1138 2333 Seruilii

622 2355 733 2405 Isaurici
748 2356 903 2418 Antoniique
920 2352 1062 2413 considete,
1080 2368 1136 2416 ge-

622 2425 704 2472 nitum
716 2438 774 2472 eum
785 2424 906 2473 scribant.

657 2509 710 2566 51.
743 2517 766 2565 6.
791 2513 857 2565 Nero
878 2533 902 2566 u.
926 2532 945 2565 s.
970 2531 1003 2566 w.
1032 2514 1133 2563 lleuzeu

623 2585 689 2634 5392
714 2581 751 2633 Ti.
768 2584 889 2635 Claudius
906 2583 982 2646 Nero,
1001 2587 1076 2650 paler
1095 2579 1133 2632 Ti.

625 2652 745 2702 Caesaris
756 2655 826 2717 Aug.
858 2652 942 2704 Ueber
958 2653 1000 2701 ibu
1020 2651 1070 2700 uud
1087 2652 1133 2700 das

622 2719 751 2783 Fulgeude
764 2737 796 2769 zu
808 2722 839 2771 V.
857 2724 878 2772 1.

659 2790 698 2838 13.
723 2789 857 2839 declinans.
880 2790 904 2839 S.
917 2787 934 2837 1.
951 2787 991 2837 53.

658 2857 697 2907 14.
720 2855 854 2906 duodecim
865 2859 950 2919 annis,
964 2854 1065 2904 obwohl
1077 2862 1135 2904 erst

621 2927 637 2975 4
651 2942 674 2973 u.
689 2926 732 2974 Cla.
748 2926 774 2974 C.
789 2924 868 2975 Clisar
888 2924 959 2974 star-b
986 2924 1036 2972 und
1055 2921 1133 2973 Tibe·

621 2993 912 3058 riusadoptiertwnrde,
923 2992 983 3041 weil
993 2992 1070 3041 schoa
1082 2992 1134 3040 seit

620 3063 664 3111 des
678 3060 797 3111 Tiberius
808 3061 943 3110 lliickkebr
955 3076 1005 3108 vou
1019 3059 1134 3121 llhodus,

623 3131 638 3179 2
659 3146 681 3178 u.
701 3130 754 3191 ch,
777 3129 803 3179 C.
824 3129 903 3179 Ciisar
926 3127 997 3178 nicht
1017 3127 1088 3176 mehr
1105 3128 1132 3176 iu

623 3198 685 3248 Rom
694 3213 758 3247 war.

659 3285 699 3334 17.
719 3282 844 3332 oecultum
861 3298 884 3331 u.
900 3296 921 3331 s.
936 3295 968 3329 w.
981 3282 1034 3330 Deu
1047 3286 1133 3330 ersten

622 3351 759 3401 Absclrnitt
768 3350 894 3401 umlasseu
903 3349 945 3399 bei
955 3347 1014 3397 Tac.
1026 3348 1066 3397 die
1077 3348 1133 3397 drei

624 3427 719 3478 ersten,
732 3419 798 3468 daun
809 3419 886 3480 jedeu
902 3417 942 3467 eiu
955 3416 1031 3465 Bueb.

660 3488 698 3537 18.
719 3487 855 3552 fingendis
876 3485 1025 3548 virtutihus,
1045 3483 1132 3533 Datin.

623 3556 648 3605 S.
662 3572 694 3604 zu
707 3554 748 3606 Vl.
763 3555 803 3603 21.

660 3642 698 3693 19.
717 3639 790 3689 ideam
805 3640 900 3690 llierzu
914 3637 950 3686 ist
958 3639 1077 3703 proecepit
1088 3636 1135 3686 das

621 3708 733 3759 Verbum
751 3708 862 3767 linitum
879 3708 983 3755 micatus
1000 3706 1050 3755 und
1068 3708 1135 3754 iate-

621 3778 726 3827 etabilis
735 3777 807 3826 stehn
818 3774 1005 3842 appositiouell,
1016 3774 1066 3822 uad
1076 3788 1133 3822 man

621 3843 681 3895 dari
691 3845 829 3909 nichtsuit
841 3860 873 3893 zu
885 3843 960 3891 ilrneu
974 3843 1108 3904 ergiiuzeu.

655 3913 777 3964 incolumi
786 3917 872 3963 matre
882 3911 931 3960 wie
943 3908 982 3960 lll.
996 3911 1037 3960 56.
