2646 4404
114 236 118 242 '
176 224 237 285 216

568 221 710 274 CORNELI
726 220 836 274 TACII'I

1122 232 1150 286 (ι.
1162 246 1182 275 ιι
1194 236 1228 277 m

175 377 473 438 denotantibusvobis
486 396 536 437 era
552 396 585 437 ac
599 385 713 438 metum
729 377 923 455 singulorum,
939 376 991 456 qui
1007 374 1142 455 pudendi
1155 375 1231 435 luxus

175 470 378 540 arguerentur,
389 463 453 541 ipse
464 464 550 522 etiam
562 463 693 523 viderem
705 482 756 523 eos
767 482 800 524 ac
813 464 892 523 velut
904 462 1134 540 deprenderem.
1154 460 1233 533 Quod

175 548 200 608 si
215 567 330 608 mecum
347 557 415 608 ante
430 548 484 608 viri
496 548 621 618 strenui,
634 548 752 620 aediles,
764 548 920 608 consilium
933 546 1119 613 habuissent,
1131 546 1232 623 nescio,

132 651 135 659 ·
175 651 212 693 an
238 651 381 693 suasurus
407 633 513 693 fuerim
533 633 670 694 omittere
691 635 789 711 potius
810 633 977 710 praevalida
1000 640 1030 694 et
1051 632 1152 692 adulta
1173 630 1235 691 vitia

175 737 263 796 quam
277 720 335 779 hcc
349 719 481 796 adsequi,
496 727 528 777 ut
544 719 638 797 palam
654 719 746 791 fieret,
763 718 871 797 quilius
886 718 1003 796 flagitiis
1018 718 1150 796 impares
1161 718 1256 777 esse-l

176 822 252 863 mus.
281 804 338 863 Sed
353 804 392 862 illi
408 803 526 882 quidem
544 804 639 863 olticie
653 803 748 863 functi
763 812 843 873 sunt,
859 812 891 864 ut
906 812 1021 865 ceteros
1036 820 1158 881 queque
1173 820 1234 861 ma·

174 888 311 966 gistratns
327 908 379 948 sua
395 889 495 948 munia
511 889 634 967 implere
649 888 752 959 velim3
768 889 840 949 mihi
855 897 953 950 autem
966 907 1065 968 neque
1076 889 1234 948 honestum

174 974 260 1034 silere
283 992 381 1053 neque
396 975 532 1053 proloqui
547 974 726 1052 expeditum,
747 974 814 1052 qnia
831 993 893 1035 non
908 974 1011 1035 aedilis
1026 980 1078 1033 aut
1092 970 1234 1051 praetorIs

175 1068 225 1119 aut
241 1060 369 1119 consulis
389 1060 481 1137 partis
503 1060 644 1119 sustineo.
675 1059 767 1120 llaius
789 1059 897 1138 aliquid
919 1068 949 1120 et
964 1058 1109 1119 excelsius
1123 1077 1141 1118 a
1156 1057 1235 1135 priu-

175 1144 239 1223 cipe
254 1148 433 1222 postulatum
450 1154 478 1204 et
494 1164 561 1205 eum
577 1151 657 1205 recte
674 1145 817 1204 laetorum
833 1145 889 1205 sibi
904 1145 1030 1224 quisque
1042 1144 1170 1220 gratiam
1182 1150 1237 1201 tra·
1252 1152 1271 1201 lt

175 1230 256 1297 liant,
282 1230 371 1289 unius
393 1230 501 1290 invidia
521 1230 556 1290 ah
577 1229 715 1289 omnibus
737 1239 885 1307 peccatur.
918 1230 995 1302 Quid
1010 1229 1092 1289 enim
1107 1227 1235 1307 primum

174 1314 329 1392 prohibere
346 1324 376 1374 et
390 1315 521 1393 priscum
537 1316 573 1375 ad
587 1334 701 1375 morem
717 1315 846 1375 recidere
860 1312 1034 1392 adgrediar?
1058 1315 1235 1374 Villarumue

173 1400 289 1459 infinita
302 1397 418 1478 spatia?
433 1400 609 1460 familiarum
622 1418 780 1460 numerum
793 1409 823 1460 et
834 1396 992 1461 nationes?
1004 1398 1120 1477 argenti
1133 1407 1165 1459 et
1176 1398 1234 1459 auri

172 1481 314 1563 pondus?
330 1486 404 1545 aeris
419 1485 644 1564 tabularumque
660 1483 824 1545 miracula?
840 1486 1003 1564 promiscas
1018 1485 1090 1545 viris
1105 1492 1136 1544 et
1151 1484 1235 1545 femi-

170 1569 216 1629 nis
238 1568 356 1629 vestes?
377 1578 465 1649 atquc
487 1571 534 1629 illa
555 1571 733 1629 feminarum
756 1571 891 1649 propria,
914 1571 980 1649 quis
1001 1570 1136 1648 lapidum
1156 1588 1237 1631 causa
1253 1584 1273 1633 lt

171 1655 312 1732 pecuniae
333 1664 453 1715 nostrae
473 1656 508 1715 ad
526 1662 662 1715 externas
678 1664 728 1715 aut
742 1657 857 1716 hostilis
872 1665 976 1734 gentes
990 1651 1236 1715 transferuntur?

116 1752 155 1807 54
171 1740 231 1799 Nec
246 1740 350 1817 ignore
366 1742 397 1799 in
414 1741 554 1799 eorrviriis
571 1749 600 1800 et
616 1740 732 1800 circulis
748 1741 876 1800 incusari
891 1741 946 1800 ista
963 1748 993 1800 et
1004 1742 1130 1801 modum
1144 1740 1235 1819 posci}

174 1834 219 1884 set
235 1825 260 1883 si
272 1825 337 1902 quis
349 1828 443 1903 legem
456 1826 575 1893 sanciat,
592 1844 703 1904 peenas
715 1826 833 1896 iudicat,
850 1826 927 1886 idem
941 1826 982 1886 illi
994 1825 1144 1886 civitatem
1156 1824 1234 1895 verti,

173 1910 411 1988 splendidissimo
433 1912 537 1989 cuique
554 1910 675 1970 exitium
690 1911 796 1989 parari,
816 1911 967 1971 neminem
983 1911 1116 1971 criminis
1133 1930 1235 1989 exper-

174 2005 234 2055 tem
258 1996 458 2057 clamitabunt.
486 1996 575 2074 Atqui
597 2015 635 2055 ue
656 1997 788 2075 corporis
809 1997 929 2075 quidem
946 1996 1066 2057 morbos
1083 2005 1198 2058 veteres
1211 2001 1270 2056 etit

203 2115 679 2166 1.denotantibus‘aufruerksammarh-

172 2185 232 2247 tct’‚
246 2185 391 2234 ‘hiuwieset
403 2183 468 2245 aul’,
481 2185 605 2245 dadurch,
619 2185 677 2233 dass

173 2256 226 2304 sich
244 2253 285 2302 die
298 2254 383 2302 Blielrc
396 2253 468 2302 Aller
481 2251 526 2301 aul
536 2253 575 2301 die
590 2252 678 2301 Schul-

173 2325 248 2384 digen
261 2321 396 2371 richteten.

209 2392 247 2440 to.
267 2391 318 2438 sibl
325 2393 429 2454 quiaque
437 2393 551 2454 grott‘om
563 2391 677 2438 tradunt.

173 2458 202 2507 II.
215 2457 255 2508 III.
266 2458 297 2505 33
312 2458 380 2507 Ilum
389 2461 524 2524 pecum'om
538 2458 575 2507 vel
584 2459 679 2521 groela

172 2542 236 2576 uitro
257 2526 409 2592 templorum
426 2526 491 2576 doira
509 2528 559 2575 stoi
575 2529 678 2589 quiaque

173 2597 287 2644 trudunt.

209 2664 249 2714 12.
258 2661 526 2726 lftltaremuemfieue
532 2663 678 2727 spatio?so-

172 2732 304 2781 nullorum
332 2746 466 2779 terrenorum
496 2734 520 2778 et
547 2732 678 2778 iratiores?

174 2800 235 2849 Sall.
249 2800 303 2848 tat.
321 2802 350 2848 12
369 2797 455 2847 dmitos
473 2802 546 2861 alque
563 2798 633 2847 m'llos
650 2801 677 2846 in

173 2869 275 2916 ordeum
290 2867 393 2916 modum
404 2866 592 2931 euuede'ficotus.
619 2866 677 2915 Sen.

174 2938 204 2984 de
216 2936 272 2984 ben.
285 2935 307 2984 V
311 2933 338 2984 11.
355 2938 393 2995 to,
408 2937 423 2982 4
439 2934 545 2999 surrre‘le‘o
556 2935 678 2984 bellicose's

172 3002 678 3067 erott'om‘dusmaioretoedt'fice'upricatu

173 3073 306 3121 leuitatem
325 3072 425 3120 uelitum
443 3085 600 3135 erragnorum
623 3072 677 3118 uin-

173 3140 263 3188 eeute'u.
290 3137 349 3187 Tac.
367 3137 435 3187 xlv.
448 3140 481 3187 43
500 3155 571 3202 quem
589 3155 678 3188 aume-

172 3223 219 3257 rus
235 3220 366 3255 secutorum
385 3210 500 3267 tereretur,
520 3223 578 3256 eum
595 3205 676 3255 Pedu-

173 3278 245 3325 m'um
264 3272 405 3322 Secundum
427 3273 607 3338 quadringenti
628 3290 676 3323 riou

171 3344 347 3411 prooem-tut?
359 3344 392 3391 44
404 3345 517 3391 notiones
529 3345 554 3391 ln
567 3343 678 3405 forreile'e's

174 3413 300 3472 dodanus,
317 3412 407 3475 quidus
424 3410 518 3460 diuersi
535 3413 610 3473 ottus,
629 3427 677 3460 ee-

174 3486 249 3529 tm‘nu
268 3494 343 3528 sacro
363 3484 407 3528 out
427 3477 497 3527 aurello
516 3483 583 3527 sient.
612 3479 676 3528 Plin.

174 3551 234 3599 hist.
255 3556 305 3598 irat.
323 3546 441 3597 XXXIII.
459 3549 496 3610 10,
511 3548 559 3597 135
579 3547 603 3596 C.
617 3549 679 3596 Asi-

174 3620 216 3666 m'o
230 3615 298 3667 Gallo
314 3617 339 3666 C.
354 3616 452 3667 ,lloree‘o
465 3615 599 3665 Censorino
612 3631 677 3664 cons.

176 3686 200 3741 (8
213 3700 237 3733 r.
251 3684 304 3744 Ch.)
321 3685 345 3734 C,
362 3685 483 3734 (occultus
497 3682 616 3733 Claudius
628 3684 676 3732 Isi-

175 3751 254 3801 dorus
274 3756 485 3803 testamentoque
502 3752 585 3802 eddre't
600 3751 677 3802 relin-

175 3834 249 3885 quere
260 3836 391 3871 seruorum
402 3826 522 3886 quattuor·
533 3820 606 3869 ncilla
619 3837 675 3870 cen-

175 3893 230 3938 tum
249 3888 363 3939 aedeeim.
393 3891 482 3939 Athen.
500 3888 542 3939 VI.
558 3905 581 3954 p.
596 3889 673 3938 2:211.

731 2120 846 2183 μυρίους
872 2118 933 2191 καὶ,
947 2116 1104 2186 δισμυρίους
1127 2118 1175 2166 καὶ
1199 2114 1233 2165 ἔτι

732 2185 843 2238 πλείους
855 2183 882 2235 δὲ
894 2185 1056 2251 παμπολλοι
1067 2188 1211 2248 κέκτηνται.

768 2254 889 2302 limeris.
901 2253 971 2302 Suet.
982 2252 1038 2302 Tib.
1050 2253 1085 2302 34
1098 2253 1232 2303 Corinthio-

732 2337 790 2370 rum
808 2337 925 2371 ausorum
941 2323 1068 2386 proteum
1084 2324 1232 2370 immensum

731 2392 864 2438 coarctare
873 2392 990 2454 geavuer
1001 2395 1159 2453 conquestus.

762 2461 905 2523 promiscas
925 2485 958 2493 -
978 2461 1066 2506 restes.
1099 2458 1125 2507 S.
1148 2456 1175 2508 II.
1196 2456 1230 2506 33.

728 2525 789 2585 ,Sem
813 2541 850 2590 ep.
870 2524 941 2575 XIX.
955 2527 969 2574 5
983 2526 1062 2588 (llll,
1085 2526 1117 2575 20
1139 2528 1185 2590 qua¹
1201 2526 1233 2575 lo-

732 2608 820 2643 cernus
836 2594 925 2644 eoloris
943 2594 1050 2658 improbi
1060 2598 1178 2658 currerent,
1195 2594 1234 2659 qui

730 2662 902 2725 perducentem
915 2667 1010 2726 logum.
1030 2662 1096 2711 Plin.
1109 2662 1173 2711 hist.
1186 2668 1232 2712 nat.

732 2728 774 2778 XI.
795 2731 835 2791 23,
848 2732 880 2779 73
899 2729 950 2779 Nec
972 2729 1066 2795 puderet
1089 2732 1139 2779 aas
1162 2735 1233 2779 testes

732 2798 815 2857 (Ceasl
833 2813 959 2863 resrerpore
974 2801 1052 2846 etiam
1069 2800 1137 2848 m'ros
1153 2798 1234 2848 Iouilo-

731 2871 782 2914 tem
792 2873 893 2932 propter·
905 2869 1033 2915 aestivam.

768 2935 806 2982 l'e.
818 2938 873 2999 queis
885 2935 985 2984 bezieht
997 2934 1051 2984 sich
1068 2931 1114 2982 aul
1123 2934 1170 2983 illa
1179 2950 1235 3001 pro·

729 3005 800 3067 pole:
819 3005 964 3065 ‘wcdurch',
984 3002 1019 3050 ‘in
1033 3002 1112 3065 Ilolge
1125 3003 1232 3053 wovon’.

732 3071 814 3121 Ueber
827 3071 868 3119 die
882 3071 961 3121 Sache
975 3070 1039 3119 Plin.
1053 3070 1111 3119 hist.
1125 3079 1178 3121 nat
1191 3070 1232 3121 IX.

730 3140 771 3199 35,
783 3138 830 3188 117
842 3137 950 3188 Lollium
959 3138 1095 3188 Paululum
1105 3138 1163 3189 aedi
1170 3156 1236 3189 suau-

731 3205 822 3269 regdis
845 3210 1043 3271 rnurgm·ttisque
1064 3211 1179 3272 opertam
1198 3207 1236 3257 ol-

731 3279 800 3324 teruo
816 3280 889 3325 tectu
899 3276 1065 3341 fulgentibus
1080 3278 1132 3324 tolo
1149 3279 1236 3342 eapite,

731 3344 851 3406 cretulus,
869 3347 948 3410 spira,
967 3344 1083 3405 moribus,
1101 3343 1173 3407 eollo,
1184 3360 1236 3395 mo

732 3412 827 3461 ollibus
839 3413 982 3476 (legalesque,
995 3427 1240 3478 quoesummoqua·

733 3479 889 3545 drr'agentr‘es
901 3479 945 3529 HS
960 3479 1103 3544 colligebat.
1127 3479 1184 3530 XII.
1200 3482 1238 3541 13,

733 3549 765 3597 84
776 3547 885 3598 illiuimo.
896 3552 1080 3614 eomputatt'one
1091 3549 1177 3599 mittes
1185 3566 1241 3599 eeu-

732 3621 789 3666 teau
806 3618 877 3667 rutilae
889 3615 932 3665 HS
946 3619 1023 3665 oneris
1033 3617 1151 3666 omnious
1162 3617 1239 3667 Iride'u

731 3689 755 3733 et
771 3684 847 3734 Seres
866 3685 1047 3747 penirrsuluque
1066 3684 1111 3733 illa
1131 3688 1239 3753 deperio

730 3758 816 3802 nostro
840 3753 957 3801 ode'rmmt
982 3752 1031 3805 tliir
1055 3752 1239 3817 Lurnsgegen-

730 3822 820 3871 stiinde
833 3821 991 3886 iiberhauptl.

765 3881 817 3938 54.
831 3888 868 3941 18.
880 3892 949 3940 uerti.
969 3888 994 3939 S.
1007 3906 1038 3938 zu
1051 3888 1078 3939 11.
1094 3890 1135 3939 42.
