2646 4404
118 215 180 276 290
516 208 777 262 consummem

1065 222 1092 275 (a.
1104 235 1123 262 u.
1134 222 1166 264 ltl

119 385 180 428 uno
192 367 307 445 reliquo
320 366 403 427 lonte
416 374 584 436 uterentur3
597 364 745 444 simulque
756 371 900 437 armenta,
912 372 948 425 ut
960 383 1025 426 mos
1039 363 1167 434 barbaris,

120 453 200 513 iuxta
217 451 324 528 clausa,
341 458 468 531 egestate
483 450 582 529 pabuli
597 450 772 521 exanimem
793 449 928 511 adiacere
944 468 1069 529 corpora
1083 448 1169 509 homi·

120 555 209 608 num,
232 556 306 616 quos
321 538 458 605 vulnera,
481 554 554 613 quos
577 534 643 595 sitis
662 542 847 614 peremerat;
870 535 964 614 pollui
980 544 1086 597 cuncta
1099 535 1170 596 sanie

120 622 210 682 odore
226 629 373 683 contactu.
407 621 565 699 Rebusque
580 621 707 681 turbatis
728 620 839 681 malum
857 628 1023 681 extremum
1040 619 1172 681 dieoordia

121 708 257 778 accessit,
279 706 327 767 bis
350 706 545 777 deditionem,
568 706 631 766 aliis
646 713 773 766 mortem
789 713 820 765 et
835 712 955 766 mutuos
970 705 1050 766 inter
1064 724 1096 767 se
1109 704 1197 771 ietnst

121 793 310 871 parantibus3
326 799 356 852 et
371 798 464 863 erant,
484 791 535 870 qui
550 810 611 851 non
626 790 755 851 inultum
771 790 904 863 exitium,
928 791 980 851 sed
997 789 1173 869 eruptionem

59 885 99 937 50
116 877 275 937 suaderent
289 873 401 956 [neque
412 875 565 953 ignobiles,
578 875 710 955 quamvis
722 875 830 936 diversi
840 873 1026 957 sententiis}
1048 877 1176 937 Verume

122 961 248 1023 dueibns
260 961 353 1034 Dinis,
366 968 523 1040 provectus
536 969 655 1021 seueeta
666 968 695 1020 et
708 960 796 1039 longo
809 979 866 1020 usu
877 960 935 1020 vim
949 968 1039 1040 atque
1055 961 1177 1022 elemen-

121 1049 193 1108 tiam
209 1047 374 1108 Romanam
389 1046 519 1117 edoctus,
536 1046 670 1125 ponenda
688 1064 778 1116 arma,
794 1045 1027 1121 unumadllietis
1043 1046 1073 1106 id
1088 1064 1178 1108 reme-

122 1133 204 1194 dium
218 1131 390 1204 disserebat,
403 1131 576 1210 primusque
587 1150 619 1192 se
632 1149 700 1191 cum
712 1130 837 1208 coniuge
850 1138 879 1190 et
890 1130 991 1192 liberis
1003 1130 1107 1192 viatori
1118 1149 1179 1210 per-
1196 1151 1216 1201 n

122 1217 212 1278 misit.
258 1216 357 1277 Seeuti
379 1225 473 1278 aetate
489 1224 539 1277 aut
560 1235 632 1276 sexu
653 1214 793 1285 inbecilli,
815 1222 845 1276 et
866 1215 973 1294 quibus
996 1216 1093 1277 maior
1113 1217 1180 1277 ritae

123 1321 213 1382 quam
227 1302 335 1380 gloriae
351 1302 467 1380 cupido.
490 1302 528 1362 At
542 1301 679 1362 inventus
695 1300 817 1361 Tarsam
832 1300 912 1361 inter
927 1307 957 1362 et
971 1300 1111 1363 Turesim
1126 1302 1182 1362 dis·

122 1387 304 1448 trahebatur.
349 1387 472 1465 Utrique
493 1385 672 1447 destinatum
700 1405 768 1446 eum
791 1385 924 1447 libertate
947 1386 1094 1448 occidere.
1130 1385 1182 1447 Sed

123 1472 211 1532 Tarsa
223 1490 385 1550 properum
397 1472 499 1541 finem,
521 1471 737 1550 abrumpendas
752 1471 862 1549 pariter
876 1489 944 1548 spes
961 1490 995 1531 ao
1015 1479 1116 1533 metus
1131 1472 1184 1534 ola·

124 1556 232 1616 mitans
249 1556 329 1617 dedit
344 1556 512 1635 exemplum
533 1557 661 1617 demisso
683 1556 716 1616 in
735 1563 840 1634 pectus
860 1556 956 1629 ferro,
975 1575 1035 1629 ¹nee
1057 1558 1185 1631 defuere,
1200 1580 1221 1631 lt

124 1641 175 1720 qui
190 1641 295 1701 eodem
312 1642 401 1701 modo
424 1649 608 1720 oppeterent.
653 1641 775 1701 Turesis
797 1659 849 1701 sua
872 1659 940 1701 eum
956 1659 1048 1703 manu
1070 1654 1184 1704 noctem

125 1726 292 1805 opperitur,
316 1726 394 1785 haud
410 1726 510 1786 nescio
532 1727 605 1786 duee
620 1734 733 1786 nostro.
778 1725 871 1804 Igitur
886 1726 1021 1787 firmatae
1045 1729 1185 1789 stationes

125 1810 312 1872 densioribus
327 1810 438 1888 globis3
454 1819 484 1871 et
496 1811 651 1890 ingruebat
666 1829 725 1871 nox
736 1811 838 1870 nimbo
849 1818 944 1881 atrox,
959 1811 1119 1892 hostisque
1133 1814 1186 1875 ela·

125 1914 206 1956 more
223 1896 361 1968 turbido,
385 1897 474 1957 modo
494 1914 548 1975 per
562 1903 678 1957 vastum
694 1896 857 1965 silentium,
872 1896 1001 1956 incertos
1017 1898 1186 1960 obsessores

125 1982 270 2052 alienarat,
283 2001 351 2042 cum
363 1981 492 2042 Sabinus
505 1981 669 2053 circumire,
688 1981 809 2051 hortari,
823 2000 860 2042 ne
877 1981 913 2041 ad
924 1982 1063 2061 ambigua
1075 1983 1186 2045 sonitus
1199 2000 1221 2050 n

126 2074 177 2128 aut
192 2067 412 2128 simulationem
427 2067 535 2147 quietis
551 2085 652 2127 casum
668 2066 876 2127 insidiantibus
891 2067 1052 2145 aperirent,
1069 2070 1124 2130 sed
1139 2088 1186 2130 sua

126 2152 251 2233 quisque
267 2153 369 2214 munia
384 2161 544 2223 servarent,
567 2152 684 2212 immoti
698 2151 825 2229 telisque
840 2170 902 2213 non
922 2151 954 2212 in
969 2153 1082 2214 lalsum
1098 2154 1185 2215 iactis.

60 2248 94 2302 et
123 2239 240 2300 Interea
248 2237 365 2299 barbari
372 2239 495 2299 catervis
502 2238 694 2298 decurrentes
707 2255 788 2297 nune
800 2237 945 2297 invallum
955 2240 1107 2300 manualia
1115 2258 1185 2311 sara,

127 2456 193 2507 Xlll.
206 2459 247 2508 48.

161 2526 186 2575 4.
210 2524 339 2576 discordia
351 2526 387 2574 ist
398 2525 552 2576 Nominativ.

163 2593 186 2642 7.
219 2608 296 2658 neqew
315 2594 629 2658 ignobiles—sententiis.

128 2663 205 2713 Diese
221 2662 447 2725 Randbemerlung
463 2662 532 2712 eines
546 2660 630 2711 Frem-

128 2732 176 2781 deu
194 2731 229 2781 ist
241 2731 372 2781 vielleiebt
390 2730 534 2780 vernulasst
550 2730 630 2779 dureb

128 2800 170 2850 die
184 2799 276 2849 Worte
285 2798 392 2851 duritas
403 2798 510 2849 dioneia
520 2802 545 2848 et
554 2800 630 2865 pari-

128 2869 174 2917 bus
190 2870 259 2918 inter
275 2884 303 2916 re
317 2883 363 2934 per
379 2867 565 2932 ignobilitatem
584 2880 630 2916 aus

127 2933 167 2985 lll.
180 2936 222 2997 38,
238 2937 334 2986 welche
347 2935 426 2985 Stelle
443 2933 566 2984 ebenlelle
582 2949 633 2984 von

128 3004 210 3052 elnam
223 3003 364 3053 Aulstnnde
382 3004 427 3053 der
439 3002 553 3052 Thrakes
570 3001 632 3051 han-

128 3071 190 3120 delt.
210 3071 260 3120 Der
272 3071 367 3120 Zusntz
379 3071 414 3120 ist
426 3071 451 3119 in
460 3070 536 3133 jeder
545 3070 634 3119 Benia-

128 3138 194 3200 bung
205 3139 334 3188 verkebrt.
348 3138 416 3187 Denn
427 3152 546 3198 magmas
558 3140 631 3201 agno-

127 3204 190 3254 bilee
209 3206 248 3255 als
269 3206 328 3256 ‘von
350 3205 479 3269 niedriger
497 3204 631 3255 llerliunft'

129 3274 188 3322 oder
201 3278 260 3322 ‘voa
273 3273 405 3335 niedriger
417 3270 569 3333 Gesinuuog‘
581 3272 633 3324 las-

128 3356 173 3390 sen
183 3343 302 3404 (welehes
310 3341 550 3403 betetereiibrigens
563 3342 633 3392 nieht

129 3411 266 3461 lateiniseh
278 3411 330 3473 istt,
344 3425 372 3458 so
385 3410 479 3460 leonte
493 3410 532 3458 bei
543 3409 634 3460 keiner

129 3496 178 3528 von
197 3480 284 3531 beiden
301 3477 494 3542 lligensehaften
518 3477 558 3527 die
577 3479 634 3528 bier

129 3546 264 3600 referierte
277 3546 634 3610 Meiuuugsversehiedeubeit

129 3616 167 3665 als
186 3625 267 3670 etwas
285 3616 436 3678 Auffalliges
453 3616 500 3666 mit
517 3618 634 3681 quamvis

129 3684 249 3749 angeliigt
262 3687 371 3735 werden.

164 3746 214 3804 50.
240 3757 279 3805 14.
292 3769 425 3820 properam
440 3755 524 3819 finem.
549 3750 574 3800 ln
587 3753 635 3802 den

128 3818 262 3883 folgenden
275 3821 385 3874 Worten
402 3823 590 3889 abrunapendaa
602 3849 635 3856 -

130 3886 273 3953 olearitanr,
285 3891 340 3940 dem
356 3891 398 3939 die
410 3890 635 3941 Notbwmntar-te
691 3907 737 3926 aa»

684 2459 1067 2513 bezeichnendenGerundivnm
1077 2464 1129 2512 und
1138 2464 1186 2513 den

684 2526 793 2577 Verbum
813 2527 922 2591 dicendi,
944 2528 1008 2592 liegt
1037 2530 1097 2581 dem
1115 2532 1186 2583 Sinna

684 2597 747 2646 neela
759 2597 822 2645 eueh
834 2597 878 2646 das
891 2596 978 2646 hier-zu
992 2599 1118 2660 gedaelrte
1133 2614 1186 2651 aaa·

684 2662 752 2713 dene,
787 2663 847 2714 Dies
868 2663 979 2727 Zeugma
1004 2667 1040 2716 ist
1066 2666 1111 2718 fdr-
1130 2666 1185 2718 Tae

684 2732 809 2783 dur-chaus
822 2733 892 2782 nieht
903 2736 1111 2796 ungewb'bulieh.
1134 2736 1186 2800 Vgl.

683 2797 725 2852 Vl.
738 2801 771 2849 24
783 2799 901 2851 caedibus
911 2802 1095 2869 eorrepleoe'reet.

722 2867 762 2920 18.
798 2869 909 2918 abmore
930 2871 1040 2933 turbido,
1057 2872 1133 2923 modo
1145 2885 1187 2939 pot·

688 2940 784 2986 emtam
801 2936 939 2987 silentium.
967 2936 1041 2990 Modo
1056 2943 1129 2991 stebt
1146 2955 1188 2989 nur

686 3005 720 3054 irn
731 3004 840 3054 zweiten
854 3005 953 3069 Gliede‚
965 3007 1015 3057 wie
1029 3007 1070 3059 Vl.
1090 3008 1124 3059 32
1135 3008 1188 3058 Ar-

686 3074 793 3121 tabanus
809 3072 912 3123 tardare'
925 3078 1004 3137 meta,
1026 3075 1104 3128 moda
1120 3078 1188 3144 eupi-

687 3138 744 3189 dine
765 3140 889 3192 eo'adietae
910 3142 1076 3194 inardescere.
1111 3146 1189 3195 Aebu-

687 3208 739 3258 lieh
751 3208 780 3257 ll.
794 3207 832 3259 lll.
846 3209 877 3258 22
889 3210 938 3274 bea,
958 3225 1051 3261 rursus
1066 3211 1121 3263 ille'e
1136 3214 1190 3263 eai-

687 3275 778 3325 tiabile.
814 3277 845 3327 83
870 3280 923 3341 boe,
946 3294 1039 3329 rursus
1062 3280 1121 3331 elios
1142 3280 1189 3331 ela·

686 3358 757 3395 more
776 3348 800 3394 et
818 3344 912 3411 planen
924 3347 1035 3412 fovebat
1059 3346 1104 3399 fiir
1123 3346 1191 3398 modo

687 3428 832 3463 —rursas
869 3413 925 3477 Vgl.
947 3416 1009 3464 iiber
1034 3416 1080 3467 das
1101 3416 1192 3468 einmal

691 3488 805 3543 gosetzte
817 3482 866 3532 alie·
876 3499 907 3530 zu
920 3481 937 3532 Ι.
952 3485 992 3535 17.

722 3544 771 3599 51.
804 3551 843 3601 23.
868 3553 984 3613 caterno,
1006 3551 1062 3601 Abl.
1081 3553 1128 3603 der
1146 3552 1194 3603 Art

688 3620 737 3667 und
757 3617 853 3681 Weise,
875 3618 908 3666 ‘in
926 3619 1071 3682 Scheereu’‚
1093 3636 1133 3670 wo
1149 3636 1194 3688 per

688 3689 801 3736 emanas
812 3687 1001 3750 gewohnlicner
1011 3688 1091 3752 edre,
1104 3689 1155 3740 wie
1168 3687 1194 3740 ll.

689 3754 721 3804 80
741 3757 854 3805 veterani
871 3755 1002 3806 ordinibus
1022 3771 1054 3806 ao
1073 3757 1196 3809 sutstdtis

687 3824 813 3874 instructi.
838 3823 865 3872 ll.
879 3823 907 3874 ll.
921 3823 953 3872 42
972 3827 1116 3875 comminus
1130 3828 1196 3876 emi-

776 3894 883 3941 eatem'e
902 3895 926 3926 μ’
955 3895 1039 3942 reneio
1062 3909 1197 3946 aeneum·
