2646 4404
126 258 140 297 p
162 244 200 288 ch
217 248 252 296 tn)
307 237 347 287 ΑΒ
366 237 514 291 EXCESSU
534 238 598 292 DIVI
615 234 757 290 AUGUSTI
775 238 816 290 Ν.
836 238 876 288 52.
896 238 936 288 53.
956 239 996 288 54.
1121 236 1183 300 293

124 406 195 450 rum
209 392 286 450 fama
302 390 367 463 init,
384 391 441 452 nisi
457 394 534 472 quod
550 401 630 454 aetas
646 399 775 454 extrema
791 393 918 453 muitum
938 392 1027 452 etiam
1042 391 1187 470 eloquen-

123 475 184 535 tiae
201 475 338 554 dempsit,
355 477 427 536 dum
442 478 519 538 fessa
536 487 634 539 mente
650 479 759 538 retinet
773 477 881 538 silentii
896 477 1113 554 inpatientiam.

212 559 249 619 ht
269 561 426 640 Agrippina
454 564 589 641 pervicax
614 565 674 624 irae
696 571 726 623 et
749 563 852 622 morbo
875 562 1006 641 corporis
1027 561 1186 640 implicata,
1201 580 1243 633 53

125 662 195 706 cum
211 645 318 706 viseret
333 666 398 706 cam
415 649 534 718 Cacsar,
557 649 684 727 profusis
700 649 750 708 diu
765 667 798 708 ao
812 667 864 726 per
882 647 1033 707 silentium
1049 646 1186 718 lacrimis,

79 746 103 797 s
124 748 196 790 mon
208 730 346 791 iuvidiam
359 741 389 791 et
404 753 506 811 preces
518 734 646 794 orditur:
661 734 832 793 subveniret
849 732 1008 803 solitudini,
1025 733 1108 793 daret
1125 750 1187 791 ma-

124 814 232 885 ritnm3
248 817 373 876 habilem
386 819 480 878 adbuc
492 820 640 878 iuventam
654 818 721 887 sibi,
738 836 835 897 neque
848 818 925 878 aliud
939 817 1037 896 probis
1050 835 1138 896 quam
1150 836 1186 877 ex

125 899 318 961 matrimonio
336 903 490 972 solacium3
508 923 574 964 esse
590 905 750 964 incivitate
767 949 773 963 .
791 949 798 962 .
815 949 822 962 .
849 902 1016 964 Germanici
1031 903 1186 980 coniugem

125 1003 160 1046 ac
182 984 289 1047 liberos
312 988 374 1048 eius
394 990 528 1067 recipere
548 990 748 1067 dignarentur.
780 989 838 1048 Sed
851 989 955 1049 Caesar
975 1005 1037 1047 uon
1055 988 1186 1064 ignarus

126 1080 270 1149 quantum
288 1093 321 1131 er
337 1091 368 1133 re
385 1075 500 1151 publica
515 1082 674 1152 peteretur,
697 1094 734 1134 ne
753 1082 852 1134 tarnen
868 1073 1040 1133 offensionis
1056 1081 1107 1133 aut
1122 1091 1187 1131 me·
1260 1148 1262 1152 ἱ

79 1166 112 1221 ifl-
124 1164 175 1216 tus
191 1157 363 1217 manifestus
379 1160 468 1230 foret,
493 1161 557 1219 sine
578 1178 722 1238 responso
744 1178 920 1237 quamquam
940 1158 1101 1224 instantem
1117 1157 1186 1217 reli-

125 1242 201 1321 quit.
236 1243 268 1303 id
285 1262 352 1320 ego,
368 1263 384 1303 a
399 1246 590 1322 scriptoribus
606 1245 756 1305 annalium
772 1262 833 1303 non
848 1243 1005 1313 traditum,
1026 1242 1143 1321 repperi
1155 1241 1186 1302 in

124 1329 346 1389 commentariis
353 1330 530 1408 Agrippinae
542 1331 626 1400 tibae,
640 1349 724 1408 quae,
738 1329 863 1389 Neronis
871 1328 1011 1407 principis
1025 1337 1128 1396 mater,
1142 1327 1185 1386 ri-

124 1419 187 1473 tam
203 1432 288 1473 suam
308 1423 337 1473 et
353 1433 435 1474 casus
451 1434 573 1475 suorum
590 1416 715 1493 posteris
732 1414 916 1474 memoravit
950 1414 1088 1473 Ceterum
1105 1412 1187 1472 Seia·
1202 1421 1242 1476 54

125 1515 183 1558 nus
199 1508 381 1559 maerentem
397 1509 426 1558 et
442 1500 625 1578 inprovidam
640 1501 726 1560 altius
743 1500 875 1578 percolit,
896 1499 1045 1567 immissis,
1068 1497 1118 1576 qui
1135 1515 1186 1574 per

79 1594 106 1649 tt
124 1585 255 1662 speciem
267 1585 409 1643 amicitiae
422 1595 580 1645 monerent
592 1595 727 1663 paratum
739 1586 766 1644 ei
780 1603 936 1654 venenum,
948 1583 1081 1643 vitandas
1093 1581 1188 1642 soceri

126 1672 236 1748 epulas.
268 1670 362 1747 Atque
377 1669 424 1729 iila
440 1670 661 1730 simulationum
677 1671 785 1740 nescia,
801 1688 869 1729 cum
885 1677 1004 1747 propter
1020 1667 1187 1728 discumbe·

101 1810 104 1815 .
126 1763 189 1825 ret,
213 1772 274 1814 non
290 1755 371 1813 vultu
386 1763 435 1814 aut
451 1773 586 1815 sermone
602 1756 694 1826 flecti,
712 1757 807 1815 nultos
823 1756 966 1832 attingere
982 1753 1078 1818 cibos,
1094 1752 1187 1812 donee

126 1839 252 1900 advertit
268 1839 418 1910 Tiberim,
441 1841 516 1900 forte
532 1857 570 1899 an
586 1841 652 1919 quia
669 1841 832 1911 audiverat;
847 1840 936 1918 idque
951 1857 1010 1918 quo
1027 1839 1121 1898 acrius
1137 1857 1188 1898 ex-

125 1926 281 2003 periretur,
297 1943 393 2003 poma,
410 1933 442 1985 ut
457 1934 541 1985 erant
552 1925 696 2003 adposita,
710 1927 834 1986 laudans
850 1925 938 1985 nurui
953 1942 1007 1983 sua
1021 1942 1113 1983 manu
1123 1932 1186 1983 tra·

79 2014 109 2070 tt
126 2010 208 2070 didit.
239 2011 329 2069 Aucta
345 2029 380 2069 ex
395 2030 431 2070 eo
447 2011 574 2089 suspicio
587 2011 774 2089 Agrippinae,
790 2017 819 2070 et
832 2012 939 2069 intacta
955 2027 1006 2069 ore
1022 2009 1113 2068 servis
1125 2015 1186 2068 tra-

126 2096 216 2155 misit.
240 2096 299 2155 Nec
310 2103 410 2155 tamen
422 2095 532 2155 Tiberii
550 2114 606 2156 vox
619 2114 717 2157 coram
730 2104 837 2165 secuta,
855 2095 906 2154 sed
918 2093 1060 2154 obversus
1071 2093 1106 2152 ad
1120 2110 1184 2151 ma-

160 2258 212 2317 53.
231 2268 255 2315 5.
272 2267 393 2315 inuidiam
408 2270 433 2316 et
443 2282 537 2332 precer.
561 2268 585 2316 S.
599 2283 630 2316 zu
683 2267 910 2329 Maehtcrlangen.
1209 2313 1211 2318 .

122 2336 165 2388 ΙΙΙ.
180 2337 223 2384 67.
719 2336 758 2388 12.
805 2335 993 2384 commentm'te
1027 2333 1188 2398 Agrippam

161 2407 185 2455 6.
224 2402 318 2467 probis.
353 2403 398 2451 Die
424 2403 556 2452 schwache
580 2403 629 2450 und
680 2403 761 2466 filiae.
798 2402 841 2452 Sia
858 2403 959 2451 werden
979 2401 1043 2451 auch
1061 2400 1187 2450 vonPlin.

122 2469 355 2532 lienesbadnrftige
367 2470 449 2520 Natur
467 2471 511 2520 des
525 2470 628 2520 Weibes
684 2472 799 2521 erwiihnt
810 2471 870 2521 hist.
884 2478 935 2520 nat.
948 2469 997 2518 ind.
1012 2469 1029 2518 l.
1045 2467 1086 2519 Vll
1099 2485 1122 2516 u.
1134 2467 1187 2519 vn.

122 2542 193 2592 kann
210 2539 266 2588 sich
290 2556 337 2588 nur
355 2538 480 2602 gliichlich
500 2537 587 2589 iiihlen
605 2539 629 2588 in
684 2541 707 2600 8,
721 2541 753 2589 46
777 2537 902 2589 Neronem
923 2539 1064 2603 prinoipem
1081 2535 1189 2602 pedibus

123 2611 172 2660 der
197 2607 273 2656 Liebe
297 2609 346 2655 und
371 2609 424 2655 dem
449 2606 557 2657 Schutze
586 2607 629 2656 des
680 2611 799 2671 genitum
814 2623 908 2674 parens
925 2606 1187 2672 eiuaacribt'tdgrt'p-

123 2678 241 2728 Manuos.
269 2674 518 2725 SittenlcseFrauen
537 2677 629 2724 sochen
681 2679 752 2743 pina.

124 2747 152 2796 in
165 2743 342 2795 Buhlschaiten
354 2743 455 2802 Ersatz,
465 2743 512 2792 den
524 2745 630 2805 tugend-
718 2735 767 2793 54.
799 2743 837 2794 14.
856 2741 1023 2808 inprovidam,
1035 2741 1105 2790 nicht
1116 2741 1187 2791 hloss

122 2812 211 2864 haitan
231 2813 297 2862 kann
315 2828 363 2861 nur
381 2811 421 2861 die
438 2810 490 2860 Ehe
506 2811 565 2873 jene
585 2811 630 2861 ne-
683 2812 786 2872 danais,
810 2812 918 2860 sondcrn
945 2811 1085 2874 uberhaupt
1108 2808 1188 2859 ihrcm

123 2879 271 2944 friedigung
288 2880 431 2944 gew'ahrcn.
467 2879 514 2930 Die
529 2879 629 2929 Franco
683 2878 824 2929 Charentes
837 2881 907 2929 nach.

123 2950 171 3000 des
184 2950 351 3011 Alterthums‚
371 2951 485 3012 weniger
502 2947 629 2998 selbst'tin·
720 2950 758 2998 nt.
782 2963 830 2996 non
842 2947 913 2997 vultu
924 2951 971 2997 aot
986 2961 1101 2996 emmone
1112 2945 1189 3010 flecti

123 3019 220 3080 dignis
238 3018 279 3066 dic
296 3018 341 3068 der
352 3017 466 3080 Nesseis,
485 3018 565 3066 haben
583 3016 629 3066 mit
683 3015 760 3065 ‘blieb
773 3023 842 3066 starr
860 3017 885 3065 in
900 3014 980 3066 Micne
997 3015 1046 3063 und
1059 3013 1143 3065 neae:
1168 3012 1187 3064 1.

123 3086 242 3148 wenigcn
266 3086 425 3136 Ausuahmen
453 3085 629 3148 hlhctosigkeit
684 3083 865 3134 nadivo-sano
878 3081 1186 3134 Tinea-atsermoneonltu.

126 3161 193 3206 stete
204 3151 246 3203 irir
258 3153 298 3203 eiu
311 3154 424 3216 Ungliick
436 3158 485 3203 und
498 3155 568 3203 diese
578 3154 629 3202 An·
683 3150 711 3201 li.
723 3153 754 3202 28
763 3168 812 3201 non
827 3153 894 3201 onitu
903 3154 1037 3213 alienatus,
1048 3165 1099 3199 ooo
1107 3151 1189 3202 verbis

127 3223 196 3272 nicht
215 3224 416 3286 euszusprechcn
437 3224 506 3272 nicht
525 3221 566 3272 nir
586 3238 630 3273 an·
683 3224 836 3272 commotior.
850 3219 889 3270 Vl.
903 3223 934 3270 50
946 3235 1063 3270 sermono
1074 3235 1104 3269 ao
1115 3219 1186 3282 onitu

126 3290 359 3354 attissiggehalten.
386 3287 629 3340 Nacher'vitatoieh·
683 3292 801 3355 intentos.
826 3288 855 3337 H.
869 3288 896 3339 ll.
910 3289 942 3339 46
961 3294 991 3340 ot
1002 3285 1186 3353 flexerotaul-

127 3360 170 3409 lcu
187 3359 214 3408 in
231 3361 275 3408 der
293 3359 353 3407 Hds.
370 3357 493 3421 ungefiihr
508 3361 538 3409 14
552 3359 630 3407 buch·
683 3362 737 3408 tum
747 3363 792 3408 ant
804 3357 975 3408 induraverat.
997 3356 1035 3407 tn.
1047 3357 1080 3406 74
1091 3358 1187 3421 insecta

127 3426 231 3477 stabas:
250 3444 300 3477 von
316 3429 372 3476 dem
384 3426 524 3476 Fehlenden
538 3428 571 3475 ist
583 3442 631 3476 nur
683 3441 798 3477 sermone
809 3426 932 3490 cultoque.
953 3426 995 3477 lV.
1006 3425 1021 3474 8
1033 3423 1115 3475 vultus
1127 3437 1200 3486 qun.

128 3497 173 3546 dns
190 3495 294 3546 Relativ
312 3498 357 3559 qui
371 3493 417 3544 mit
435 3495 579 3545 Sicherheit
598 3511 630 3542 zu
684 3511 730 3560 poe
749 3511 778 3546 ac
797 3509 925 3545 terraenae
945 3495 1059 3543 omnium
1078 3493 1186 3541 circum-

127 3563 265 3614 errnitteln.
684 3569 809 3632 spectans.
833 3565 863 3612 Α.
877 3565 908 3612 43
925 3557 1187 3628 Spectcmtamando-

162 3633 186 3682 9.
234 3635 358 3696 quantum
389 3646 423 3680 ecc
462 3647 491 3681 re
521 3630 630 3698 publico,
684 3633 745 3683 torta
765 3647 880 3681 sermone
899 3633 938 3691 (so
957 3631 1002 3679 hat
1021 3644 1078 3678 man
1095 3626 1188 3690 richtig

127 3699 171 3750 ein
189 3699 239 3749 wie
257 3715 361 3763 grosser
379 3698 453 3749 Theil
476 3715 533 3750 vom
551 3699 630 3765 Stant,
684 3694 1115 3760 fiiranimovcrbcssert)a·ultoqoa
1125 3710 1188 3762 prae

127 3768 233 3818 Anthail
249 3782 289 3818 am
306 3768 385 3818 Staat.
416 3769 466 3818 Der
488 3768 562 3819 Maon
585 3770 632 3819 der
683 3769 786 3821 retulit.

127 3835 226 3888 Mutter
243 3837 288 3886 des
305 3836 493 3902 prisumptivan
505 3836 631 3887 Throuer-
722 3839 761 3890 18.
795 3833 878 3886 Uebor
888 3831 993 3883 Moertt't
1006 3848 1037 3882 zu
1048 3831 1076 3882 lt.
1090 3831 1130 3882 32.

128 3904 177 3954 hen
195 3911 290 3954 nusste
310 3905 366 3955 eine
384 3904 630 3956 anaserordeutliche
719 3906 760 3956 21.
773 3918 859 3953 coram
871 3903 909 3954 ‘an
922 3901 959 3952 sie
971 3897 1128 3967 persiintich'.
1140 3899 1188 3951 ni-
