2646 4404
160 249 238 326 140„
252 274 288 326 n>
434 258 477 311 ae
494 260 645 312 excussu
662 260 729 314 ervi
746 258 889 316 sucossi
906 261 937 313 ιι.
955 264 996 316 ιι.
1007 263 1048 314 ιι.
1059 263 1099 315 ιι.
1168 254 1230 326 1151

162 414 310 494 querendi
323 422 396 495 aput
411 411 559 487 senatum,
576 414 733 477 invocandi
751 415 837 494 leges.
871 409 938 477 Non
959 416 1017 477 boe
1037 409 1231 497 praecipuum

142 498 326 575 „emiwrum
342 518 452 561 munus
467 508 523 572 est,
543 501 683 579 prosequi
704 500 879 561 defunctum
903 501 1007 579 ignavo
1029 511 1145 581 questu,
1167 503 1231 575 sed,

163 585 575 664 quaerolueritmeminisse,
586 603 661 664 quae
669 585 860 657 mandaverit,
872 587 1004 666 exsequi.
1021 587 1147 648 Flebant
1156 587 1232 648 Ger-

162 668 314 731 tunicum
330 671 418 730 etiam
435 670 543 748 ignoti:
559 670 743 731 vindicabitis
758 689 820 740 vos,
841 671 931 731 sime
947 671 1046 749 potius
1062 689 1152 749 quam
1167 672 1233 732 for-

113 758 142 808 .5
159 762 267 815 mnam
289 773 385 816 meam
401 754 554 816 fovebatis.
578 756 733 817 Ostendite
747 755 859 834 populo
874 755 1008 816 Romano
1032 756 1093 816 divi
1108 756 1233 834 Augusti

160 847 285 919 neptem
301 840 486 920 eundemque
502 840 659 918 coniugem
672 859 785 913 meam3
801 850 958 901 numerate
970 860 1021 901 sex
1032 841 1157 902 liberos:
1173 842 1233 901 mi-

160 923 324 986 sericordia
339 944 408 987 cum
423 925 628 986 accusantibus
645 927 716 998 erit3
736 925 977 1004 fingentibusque
999 926 1124 986 scelesta
1146 945 1234 987 man·
1267 999 1271 1005 ⁶

160 1008 231 1071 data
246 1019 299 1071 aut
313 1027 376 1070 non
390 1011 513 1071 credent
523 1011 660 1071 homines
672 1018 723 1072 aut
735 1028 796 1071 nou
807 1011 970 1088 ignoscent.
987 1012 1124 1072 luravere
1136 1012 1232 1085 amici,

158 1095 300 1156 dextram
316 1095 473 1156 morientis
493 1096 711 1173 contingentes,
732 1096 869 1175 spiritum
888 1102 956 1156 ante
979 1114 1068 1175 quam
1089 1096 1233 1156 ultionem

107 1185 145 1239 to
163 1181 343 1242 amissuros.
367 1182 443 1241 Tum
459 1181 495 1240 ad
510 1199 634 1241 uxorem
647 1199 751 1241 versus
763 1198 817 1260 per
828 1181 1003 1241 memoriam
1016 1181 1071 1250 sui,
1088 1198 1141 1259 per
1151 1197 1235 1242 com·
1251 1189 1290 1246 72

163 1282 276 1327 munes
290 1265 399 1326 liberos
414 1268 517 1336 oravit,
538 1273 659 1326 exueret
675 1267 823 1336 ferociam,
840 1266 982 1325 saevienti
997 1265 1135 1327 fortunae
1151 1285 1236 1327 sum-

163 1351 299 1411 mitteret
313 1350 458 1423 animum,
475 1369 533 1411 neu
547 1368 682 1429 regressa
696 1351 728 1411 in
747 1351 854 1411 urbem
870 1350 1071 1411 aemulatione
1085 1352 1236 1430 potentiae

163 1435 322 1499 validiores
337 1435 480 1497 inritaret.
503 1436 583 1496 Haec
597 1436 695 1515 palam
710 1444 740 1496 et
755 1436 809 1496 elia
825 1445 948 1505 secreto,
964 1454 1018 1514 per
1032 1454 1108 1513 quae
1130 1443 1235 1496 osten·

164 1521 239 1582 dere
254 1521 430 1582 credebatur
444 1528 559 1581 metum
575 1539 612 1580 ex
626 1521 755 1581 Tiberio.
778 1521 881 1599 Neque
897 1522 991 1581 multo
1006 1528 1074 1599 post
1087 1520 1235 1599 extingui·

107 1617 144 1670 25
162 1614 224 1676 tur,
239 1606 354 1684 ingenti
368 1605 450 1666 luctu
466 1606 634 1685 provinciae
646 1614 676 1666 et
686 1606 960 1666 circumiacentium
971 1606 1160 1685 populorum.
1185 1606 1236 1666 ln·

163 1690 289 1753 doluere
304 1698 423 1752 exterae
438 1691 575 1751 nationes
589 1708 749 1770 regesque:
773 1697 855 1751 tantu
870 1691 911 1750 illi
932 1690 1057 1750 comitas
1077 1691 1110 1749 in
1129 1691 1235 1762 socios,

163 1776 369 1837 mansuetudo
384 1776 416 1835 in
430 1777 547 1848 bostes3
563 1777 688 1855 visuque
704 1783 734 1836 et
749 1776 851 1836 auditu
866 1775 946 1836 iuxta
962 1775 1145 1845 venerabilis,
1167 1794 1235 1837 cum

164 1860 404 1940 magnitudinem
417 1869 445 1921 et
451 1860 624 1938 gravitatem
636 1879 770 1921 summae
781 1861 920 1922 fortunae
931 1860 1083 1932 retineret,
1096 1860 1238 1922 invidiam

163 1952 195 2007 et
210 1946 416 2022 adrogantiam
431 1947 581 2023 effugerat.

109 2038 146 2090 20
251 2031 365 2100 Funus,
381 2031 447 2091 sine
462 2030 641 2109 imaginibus
659 2035 687 2089 et
701 2047 820 2108 pompa,
837 2049 891 2108 per
901 2029 1002 2089 laudes
1014 2048 1048 2089 ac
1060 2028 1237 2090 memoriam
1252 2035 1292 2092 73

156 2117 312 2191 *virtutum
327 2116 393 2177 eius
408 2115 522 2178 celebre
538 2115 602 2176 luit.
626 2116 664 2175 Et
678 2124 773 2186 erant,
790 2115 841 2193 qui
856 2115 985 2176 formam
1000 2122 1127 2175 aetatem
1142 2131 1236 2192 genus

165 2201 282 2274 mortis,
298 2201 337 2260 ob
348 2200 600 2280 propinquitatem
613 2199 700 2260 ctiam
713 2200 855 2270 locorum,
870 2199 902 2258 in
915 2199 1023 2278 quibus
1035 2198 1155 2269 interiit,
1172 2217 1238 2259 ma-

166 2285 219 2366 gni
231 2285 391 2347 Alexandri
403 2285 471 2346 satis
484 2286 695 2364 adaequarent.
718 2285 794 2344 Nam
807 2292 969 2363 utrumque
981 2301 1106 2361 corpore
1119 2284 1237 2354 decoro,

168 2368 436 2451 [genereinsigni]
453 2371 532 2431 beud
544 2369 672 2430 multum
687 2368 808 2447 triginta
823 2384 918 2429 annos
934 2386 1095 2447 egressum,
1116 2385 1240 2429 suorum

110 2468 145 2519 25
164 2456 280 2517 insidiis
301 2463 437 2517 externas
457 2455 536 2514 inter
558 2463 663 2533 gentes
681 2454 841 2515 occidisse:
869 2454 922 2514 sed
943 2454 1024 2514 bunc
1046 2453 1150 2513 mitem
1171 2470 1239 2531 erga

165 2541 295 2614 etnicos,
322 2540 471 2602 modicum
494 2541 696 2620 voluptatum,
723 2557 783 2598 uno
808 2538 1006 2611 matrimonio,
1028 2538 1117 2598 certis
1137 2538 1238 2599 liberis

159 2624 273 2707 egisse,
285 2643 385 2705 neque
396 2626 496 2687 minus
508 2625 728 2704 proeliatorem,
741 2624 858 2684 etiamsi
869 2623 1021 2684 temeritas
1033 2623 1139 2683 afuerit
1150 2640 1238 2702 prae·

157 2711 345 2791 ,pedibusque
359 2710 398 2771 sit
412 2711 561 2789 percudsas
573 2717 618 2770 tot
630 2708 760 2770 victoriis
772 2708 946 2769 Germanias
958 2707 1078 2769 servitio
1090 2724 1239 2787 premere.

163 2847 230 2899 weil
251 2845 445 2898 Giftmiscberei
471 2847 511 2897 eiu
532 2845 674 2896 unmiinuli-
729 2845 762 2895 im
781 2844 1011 2907 Vorhergebeudeu
1030 2845 1074 2894 des
1093 2843 1135 2894 bei
1154 2858 1239 2908 genus

163 2917 227 2969 obes
239 2915 401 2966 Vorbrecbeu
413 2915 457 2965 ist.
729 2913 849 2964 stebeude
860 2914 952 2962 mortis
968 2912 1086 2962 iibarsah.
1122 2911 1194 2961 Deua
1207 2912 1249 2961 da.

202 2984 227 3033 4.
245 2983 379 3049 fumonem
395 2999 481 3033 meam
507 2981 675 3033 ‘meiueStel-
730 2981 775 3031 das
789 2978 942 3030 Gescblecbt
960 2979 995 3030 im
1007 2979 1239 3042 Vorhergebeudeu

164 3049 247 3115 lung',
262 3051 312 3102 wie
325 3059 402 3101 uuten
414 3066 531 3101 summas
537 3052 675 3117 fortisan.
731 3049 802 3099 nicht
815 3049 931 3099 erwiibnt
944 3048 986 3110 ist,
1008 3048 1074 3096 kann
1096 3063 1123 3098 es
1137 3047 1201 3097 auch
1212 3047 1237 3096 in

159 3114 193 3171 ’8.
207 3135 240 3169 ιιι
253 3118 294 3171 lV.
310 3118 349 3171 18.
731 3117 818 3167 diesen
828 3116 950 3178 Worten,
962 3115 1059 3166 welche
1072 3117 1117 3167 das
1126 3115 1240 3166 Vorher-

202 3188 226 3237 5.
247 3186 301 3237 divi
316 3189 387 3251 Aug.
401 3191 511 3254 neptesve.
538 3185 564 3236 S.
577 3200 609 3234 zu
621 3183 639 3234 Ι.
653 3185 677 3235 3.
731 3185 843 3248 gebeude
865 3183 1011 3247 begriiudeu
1031 3185 1113 3234 solleu
1134 3184 1240 3246 (nam),

202 3256 229 3307 6.
244 3271 293 3304 sese
320 3255 419 3305 liberor.
450 3255 475 3306 S.
497 3269 531 3303 zu
551 3269 571 3304 e.
594 3254 625 3304 41
652 3270 676 3302 u.
732 3252 803 3302 nicht
823 3250 969 3317 ausgel'dbrt
989 3253 1103 3312 werden3
1129 3251 1179 3301 und
1201 3252 1240 3299 ιἰι-

166 3340 190 3375 c.
203 3323 246 3374 ed
731 3322 804 3385 signi
815 3320 851 3370 ist
863 3321 905 3370 eiu
918 3319 980 3369 weit
990 3319 1077 3371 binter
1089 3321 1135 3369 der
1146 3317 1241 3369 Wabr·

203 3390 228 3441 t.
245 3390 351 3441 seebelc
361 3389 494 3440 mndata.
507 3390 532 3440 S.
546 3405 566 3438 c.
583 3388 624 3439 43,
731 3388 785 3438 beit
798 3387 1043 3438 zuriiclrbleibeuder
1055 3385 1199 3437 Ausdruck.

201 3448 463 3525 ΙΙ2ι11.[ιιίιιιίιιιι.
488 3455 544 3507 S..l
559 3456 601 3506 33.
766 3458 873 3520 triginta
881 3470 969 3505 aanor
990 3453 1156 3506 Germanicus
1169 3452 1241 3502 aturb

201 3528 243 3577 14.
261 3529 373 3590 mitigat
373 3528 437 3589 itur,
456 3542 495 3575 am
510 3527 587 3577 10teu
602 3524 679 3575 Octo·
728 3524 869 3574 im34steu
883 3524 964 3586 (Suet.
978 3521 1031 3574 Cel.
1046 3525 1077 3586 1),
1094 3520 1243 3572 Alexander

166 3593 223 3657 ber,
235 3593 298 3644 (cd
312 3594 341 3646 V
340 3595 355 3646 Ι
364 3594 424 3645 idus
437 3593 558 3658 Octobres,
571 3608 601 3642 au
613 3593 678 3643 wel·
732 3591 766 3642 im
778 3592 877 3641 33steu.

166 3663 240 3714 eben
261 3663 332 3726 ‘l'age
354 3663 401 3712 der
416 3660 541 3712 Calender
558 3676 608 3712 von
628 3662 679 3710 An·
768 3659 808 3710 26.
828 3661 904 3708 cordis
924 3657 1019 3720 liberis,
1041 3656 1155 3708 cbelicbe
1178 3652 1243 3706 llin-

165 3730 280 3794 autc.
293 3730 311 3781 Ι.
325 3729 353 3780 1..
367 3728 410 3796 lp.
423 3730 480 3780 329.
494 3729 679 3789 llenzendldbl
734 3727 788 3777 der.

220 3798 258 3849 bt
268 3799 402 3864 cosentiae)
417 3795 584 3860 Gemonios)
539 3798 592 3860 e(1.
768 3795 808 3844 2Ι
826 3793 1043 3860 pmeliulorauch
1064 3794 1094 3843 ll.
1118 3791 1159 3841 37.
1180 3790 1240 3842 vn.

170 3813 257 3921 ἻΙ.
275 3867 317 3919 24.
332 3867 544 3931 gonereinsegai
563 3865 598 3915 ist
620 3865 678 3915 eine
732 3861 1042 3923 Mux.lll2,24.lust1n
1057 3860 1113 3911 AV
1128 3859 1209 3923 419.

164 3932 396 3998 Raudbemerkuug
418 3948 469 3984 von
494 3933 608 3996 demand,
632 3933 678 3982 der
768 3931 808 3981 28.
832 3927 989 3981 Germanias.
1008 3928 1034 3980 S.
1048 3927 1109 3979 zul
1125 3898 1166 3978 5Ι.
