2646 4404
174 254 192 311 5
197 254 215 311 2
570 245 713 298 connum
731 243 842 297 rncnr

1127 260 1156 310 (a.
1170 272 1192 303 u.
1204 260 1237 303 111

173 424 207 465 ac
222 422 259 464 ne
275 403 433 483 postpositi
454 402 632 463 contumelia
655 401 894 462 incenderentur.
917 401 956 460 At
975 419 1029 479 per
1042 400 1121 461 tilios
1136 400 1240 480 pariter

173 489 256 558 adiri,
273 489 426 549 maiestate
446 488 532 559 salva,
554 487 599 547 cui
623 486 717 546 maior
738 486 934 564 elonginquo
948 486 1129 547 reverentia.
1153 486 1241 549 Simul

173 574 414 635 adulescentibus
422 582 594 633 excusatum
603 568 748 651 quaedam
756 573 911 650 adpatrem
925 571 1048 644 reicere,
1060 571 1240 633 resistentis-

173 679 231 738 que
248 659 424 719 Germanico
441 666 493 718 aut
508 658 602 716 Druso
618 675 707 735 posse
731 675 746 716 a
761 676 794 717 se
809 656 936 733 mitigari
950 656 994 716 vel
1011 656 1150 734 infringi:
1167 659 1240 737 quod

174 743 688 820 aliudsubsidiurn,siimperatorem
696 738 898 819 sprevissent?
916 741 1057 801 Ceterum
1064 742 1165 802 utiam
1173 743 1241 803 iam·
1255 755 1265 803 1

174 849 232 908 que
248 830 356 901 iturus,
372 829 441 906 legit
452 828 585 898 comites
600 827 776 905 conquisivit
789 826 1011 905 impedimenta,
1025 827 1183 888 adornavit
1193 847 1243 890 na·
1288 872 1290 887 .

174 933 239 974 ves:
267 934 336 974 mox
360 914 490 974 hiemem
511 922 561 972 aut
578 913 692 989 negotia
713 911 792 972 varie
807 919 943 971 causatus
959 912 1057 990 primo
1072 913 1243 991 prudentes,
1287 910 1290 949 ³

175 999 244 1059 dein
262 1001 392 1076 vulgum,
409 997 578 1057 diutissime
593 996 758 1076 provincias
773 997 886 1056 fefellit.

116 1089 158 1146 48
260 1085 297 1143 lt
313 1083 515 1151 Germanicus,
533 1101 714 1161 quamquam
736 1090 889 1142 contracto
904 1081 1035 1142 exercitu
1051 1090 1081 1141 et
1097 1090 1202 1160 parata
1216 1083 1245 1143 in

174 1169 339 1230 defectores
352 1170 473 1237 ultione,
487 1167 618 1228 dandum
629 1168 725 1227 adhuc
736 1168 863 1245 spatium
876 1175 967 1237 ratus
984 1166 1010 1226 si
1020 1167 1136 1228 recenti
1147 1188 1243 1229 exem·
1261 1174 1279 1224 tt

173 1256 222 1333 plo
238 1254 295 1314 sibi
310 1255 368 1332 ipsi
383 1254 581 1322 consulerent,
596 1252 760 1330 praemittit
774 1253 885 1311 litteras
901 1252 937 1312 ad
954 1251 1124 1325 Caecinam,
1147 1255 1245 1315 venire

174 1358 207 1399 se
222 1339 317 1398 valida
333 1357 481 1410 maiman,
499 1339 529 1397 ni
544 1337 722 1415 supplicium
738 1337 770 1396 in
787 1337 881 1397 malos
901 1346 1106 1415 praesumant,
1123 1357 1245 1399 usurum

174 1424 323 1501 promisca
345 1423 443 1482 caede.
466 1424 522 1482 Eas
546 1423 670 1483 Caecina
693 1421 855 1501 aquiliferis
877 1421 1098 1500 signiferisque,
1116 1432 1147 1483 et
1168 1424 1245 1503 quod

174 1509 302 1567 maxime
317 1515 481 1567 castrorum
497 1507 649 1567 sincerum
665 1515 735 1578 erat,
753 1508 867 1567 occulte
881 1507 995 1576 recitat,
1011 1516 1107 1586 utque
1123 1516 1245 1570 cunctos

175 1592 324 1664 infamiae,
340 1592 468 1670 seipsos
490 1593 579 1652 morti
596 1593 735 1667 eximant,
751 1592 904 1652 hortatur:
919 1610 989 1651 nam
1004 1592 1036 1651 in
1051 1611 1126 1670 paee
1143 1613 1243 1655 causas
1260 1602 1278 1651 lt

176 1685 204 1737 et
217 1677 321 1736 merita
333 1676 474 1754 spectari3
486 1676 539 1737 ubi
552 1677 664 1737 bellum
676 1677 802 1755 ingruat,
814 1677 990 1737 innocentes
1002 1697 1035 1738 ac
1047 1678 1157 1739 noxios
1168 1679 1246 1740 iuxta

176 1763 290 1823 cadere.
314 1763 357 1821 llli
370 1762 531 1840 temptatis,
544 1781 619 1840 quos
631 1762 754 1822 idoneos
766 1761 918 1832 rebantur,
930 1771 1089 1841 postquam
1102 1764 1245 1825 maiorem

174 1846 327 1925 legionum
349 1855 463 1924 partem
485 1847 517 1906 in
540 1847 636 1907 officio
659 1847 770 1917 vident,
793 1847 829 1907 de
849 1847 997 1908 sententia
1011 1848 1097 1924 legati
1114 1857 1246 1911 statuunt

175 1939 303 2009 tempus
320 1951 379 2011 quo
395 1931 601 1992 foedissimum
618 1951 768 2010 quemque
785 1939 815 1991 et
830 1931 969 1992 seditioni
980 1941 1155 2012 promptum
1171 1936 1245 1996 ferro

175 2016 325 2076 invadant.
349 2017 434 2076 Tunc
449 2017 533 2094 signo
550 2017 627 2076 inter
643 2036 675 2076 se
691 2017 759 2077 dato
775 2017 951 2095 inrumpunt
962 2017 1168 2092 contubernia,
1185 2027 1245 2080 tru·
1261 2023 1283 2072 tl

176 2167 222 2202 ren
243 2154 300 2216 qm’s
321 2155 422 2202 nemore¹
445 2155 589 2218 imperitet,
611 2168 686 2216 quem

175 2216 229 2269 tota
242 2226 360 2270 amnenla
372 2226 517 2285 sequantur,
535 2238 559 2269 u.
573 2222 621 2269 727
635 2237 685 2269 von

176 2288 278 2338 Turnus
301 2290 351 2337 und
369 2292 467 2338 Aeneas
488 2304 561 2353 quem
582 2288 686 2337 denarret

176 2355 250 2405 labor
266 2361 292 2405 et
308 2371 356 2420 qao
368 2361 458 2420 vergat
473 2355 584 2422 pondere
596 2356 682 2405 letum.

177 2424 303 2487 Beispiele
325 2441 371 2474 aus
385 2424 474 2474 Livius
497 2424 538 2473 bei
551 2424 686 2474 Weissen-

176 2490 240 2541 born
253 2508 284 2539 zu
298 2490 350 2541 Vll.
363 2493 386 2555 9,
409 2494 430 2540 7.
469 2491 575 2541 Phaedr.
588 2492 630 2541 lV.
644 2492 685 2553 23,

178 2561 187 2609 1
214 2557 333 2608 Formica
354 2565 377 2609 et
395 2575 484 2608 mamea
507 2559 687 2608 contendebant

176 2630 275 2690 amiter,
294 2643 357 2692 quae
370 2627 455 2694 pluris
467 2632 539 2676 esset.
576 2629 646 2677 Pers.
662 2627 685 2690 2,

179 2697 209 2746 19
222 2697 311 2745 haeres
323 2699 379 2759 quis
389 2698 473 2760 potior
482 2695 561 2744 rudem
568 2698 686 2759 pnemsoe

177 2766 235 2827 qais
267 2767 353 2828 aptior
382 2765 448 2813 orbis
478 2764 593 2827 (Jupiter
623 2763 685 2812 oder

177 2829 295 2893 Stajuslf
319 2833 376 2881 Juv.
390 2831 413 2894 8,
437 2833 484 2882 165
497 2829 579 2894 Finge
599 2835 684 2880 tamen

173 2899 276 2962 gladios
288 2899 345 2948 inde
357 2904 432 2963 atque
443 2899 501 2947 binc
508 2899 607 2963 paripate
614 2902 683 2963 poni.

178 2965 247 3026 (laid
257 2970 357 3016 satiris?
387 2965 446 3015 Tac.
465 2969 529 3016 noch
542 2967 581 3017 lll.
597 2969 607 3016 l
623 2967 686 3031 quid

173 3047 221 3098 pro
234 3037 347 3097 tempore
359 3034 435 3097 soret.

230 3104 251 3152 1.
270 3117 300 3150 ac
312 3117 401 3164 wegen
420 3102 464 3151 des
477 3102 630 3152 wiederholt
641 3118 685 3163 ge-

176 3169 411 3219 daehtenVerburns
418 3171 554 3234 (angebat),
565 3170 648 3219 wiell.
656 3169 685 3222 11.

176 3235 414 3300 3linolioatoponte
422 3241 562 3288 transitum
570 3237 638 3288 Padi
648 3241 685 3287 se'-

175 3304 301 3353 malantes
324 3304 448 3355 adversus
465 3309 606 3370 oppositam
626 3306 685 3370 gla-

175 3370 303 3423 diatorum
326 3389 440 3436 triarnum,
464 3390 494 3422 ac
518 3391 549 3423 ne
569 3377 684 3437 ipsorum

175 3440 248 3490 males
259 3457 337 3505 segne
348 3443 427 3490 otium
441 3446 537 3491 tereret.
568 3441 594 3491 ln
606 3458 686 3505 angre-

176 3508 219 3556 bat
241 3509 304 3572 liegt
326 3509 442 3572 zugleich
458 3509 688 3560 Unentsehloss'en-

176 3576 230 3624 beit
241 3578 292 3625 und
305 3577 413 3626 Furcht:
437 3578 515 3625 daber
534 3578 628 3626 vorher
645 3578 686 3626 die

176 3641 267 3707 Frage,
279 3644 347 3707 jetzt
360 3646 406 3694 der
418 3645 479 3694 Sata
491 3645 536 3693 mit
549 3662 587 3693 na.

228 3714 252 3760 6.
271 3711 457 3776 impedimenta,
477 3713 532 3761 bier
547 3713 685 3762 besonders

176 3776 280 3841 Pferde,
312 3781 466 3831 Maulthiere
496 3781 545 3829 und
576 3780 685 3843 Wagen.

176 3844 246 3894 Suet.
263 3847 319 3896 Tib.
338 3848 370 3898 38
389 3852 505 3913 quamvis
516 3862 596 3912 prope
613 3852 684 3911 quot-

176 3915 252 3962 annis
291 3918 475 3980 prosecttonem
509 3921 685 3981 praepararet,

739 2152 859 2201 vehiculas
882 2155 1080 2218 comprehensis,
1105 2158 1246 2206 oormneab'·

740 2222 787 2269 bus
805 2235 851 2284 per
866 2224 1006 2285 maantcipia
1026 2226 1049 2270 et
1067 2221 1246 2273 coloratas—dis·

738 2291 840 2352 positis.

775 2357 798 2406 8.
817 2356 930 2420 vulgum.
950 2356 1043 2406 Diescn
1053 2357 1195 2410 Accusativ
1206 2360 1247 2410 hat

740 2424 809 2485 Tac,
831 2425 880 2473 wie
899 2424 968 2474 viole
980 2426 1081 2476 Ardere
1095 2427 1167 2489 (aber
1180 2428 1247 2478 nicht

740 2490 850 2555 Cicero),
868 2492 947 2541 ueben
959 2493 1014 2542 dem
1027 2494 1090 2543 weit
1102 2494 1247 2559 hliuligeron

740 2559 832 2623 uulgus
852 2559 976 2610 mitunter
993 2568 1101 2623 gesetzt.
1139 2563 1172 2612 So
1186 2565 1247 2614 noel

739 2626 779 2677 111.
795 2629 834 2677 76.
857 2626 898 2677 lv.
915 2629 953 2680 14.
973 2629 1013 2680 Vl.
1028 2631 1247 2684 44.45.Χ11.21.

739 2694 807 2747 XIV.
822 2696 862 2744 60.
876 2695 933 2746 XV.
944 2697 985 2746 48.
1022 2697 1051 2746 11.
1064 2695 1083 2746 1.
1098 2699 1139 2749 78.
1154 2698 1195 2750 111.
1210 2702 1247 2750 10.

739 2764 811 2813 Neue
824 2763 971 2813 Formlehre
985 2763 1003 2814 l.
1017 2766 1076 2815 679.

773 2822 825 2881 48.
841 2832 879 2881 10.
898 2835 992 2881 receati
1000 2833 1124 2898 eemnplo.
1134 2834 1161 2885 S.
1172 2853 1194 2885 o.
1208 2836 1248 2885 44.

776 2901 814 2948 ll.
837 2900 977 2949 Caecinam.
998 2901 1088 2951 Dieser
1107 2918 1164 2954 war
1185 2904 1249 2967 also,

739 2968 860 3016 naehdem
867 2983 895 3017 er
903 2970 944 3017 die
952 2977 1021 3018 erstc
1031 2970 1081 3018 und
1091 2973 1250 3034 awanzigste

738 3035 835 3098 Legion
847 3037 912 3084 nach
921 3037 966 3086 der
976 3036 1052 3087 Stadt
1061 3039 1108 3087 der
1119 3039 1198 3090 Ubier
1206 3055 1250 3102 ge·

738 3102 810 3152 fiihrt
832 3103 863 3165 (c.
877 3103 928 3164 37),
951 3105 1166 3157 wabrsclreinlieh
1188 3109 1250 3158 nach

739 3171 784 3219 des
806 3170 972 3221 Germanicus
993 3172 1129 3224 utelkeln
1152 3176 1184 3238 (e.
1197 3176 1250 3239 39),

739 3240 802 3288 nach
816 3238 844 3288 V
844 3243 914 3289 etere
926 3255 1064 3304 gegangen.

776 3309 813 3354 15.
834 3311 914 3356 morti
933 3311 1060 3358 eximant.
1094 3311 1146 3360 Der
1171 3311 1250 3362 Dativ

739 3375 776 3424 ist
788 3375 1012 3438 Sprachgebrauch
1025 3379 1071 3426 der
1082 3378 1189 3429 Dichter
1201 3382 1252 3429 und

739 3443 785 3492 des
821 3443 951 3492 silbernen
983 3445 1123 3496 Zeitalters
1154 3448 1251 3510 arieg.

742 3511 804 3560 Aen.
818 3508 863 3560 lX.
876 3512 925 3561 447
938 3508 1047 3562 mentm·
1056 3529 1124 3575 aevo,
1143 3515 1251 3566 Curtios

741 3576 793 3629 Vll.
811 3579 832 3640 1,
855 3582 869 3628 6
883 3581 997 3640 crimini,
1019 3579 1105 3644 Quint.
1120 3582 1164 3632 lx.
1180 3584 1204 3645 3,
1217 3586 1251 3634 62

740 3649 789 3709 cui,
802 3646 836 3695 X.
854 3650 874 3707 1,
888 3649 921 3696 74
934 3650 1040 3707 turbae).
1067 3650 1115 3699 llic
1128 3652 1252 3702 deltoton

739 3722 829 3763 setzen
842 3715 889 3765 den
902 3716 959 3764 Abl.
982 3717 1027 3765 mit
1039 3733 1073 3766 ece
1084 3719 1133 3767 und
1146 3718 1186 3781 de,
1205 3719 1252 3769 Li-

739 3782 798 3830 vius
815 3781 853 3830 oft
871 3784 918 3832 den
931 3784 1033 3833 blossen
1049 3785 1104 3834 abl.
1129 3786 1190 3837 Tae.
1206 3789 1250 3838 bat

739 3865 787 3898 nur
797 3850 843 3899 den
854 3850 931 3900 Dativ
942 3854 972 3912 ts.
983 3868 1015 3900 zu
1023 3851 1093 3904 XlV.
1103 3855 1147 3913 641
1158 3870 1250 3907 ausser

738 3917 768 3966 ll.
782 3917 797 3965 3
810 3922 936 3985 coemptis
947 3935 961 3968 o
971 3919 1055 3971 media
1063 3923 1246 3974 citatotanms.
