2646 4404
176 268 216 332 aa
561 264 704 319 connum
722 264 832 318 raom

1125 277 1153 329 (ι
1165 278 1232 323 mitt
1276 310 1280 353 Ξ

176 421 386 484 centurionum
402 422 612 501 adaequareut3
637 430 701 481 tum
717 420 874 482 convulsos
888 421 1074 499 laniatosque
1088 431 1121 481 et
1134 419 1233 499 partim
1278 412 1280 419 ’

177 507 328 569 exanimos
352 517 420 567 ante
436 508 543 568 vallum
559 515 609 568 aut
625 506 655 566 in
671 525 789 567 amnem
805 505 942 566 Rhenum
957 506 1119 585 proiciunt.
1143 505 1233 584 Septi-

175 593 263 668 mius,
281 611 348 653 cum
364 592 545 670 perfugisset
560 593 594 652 ad
607 591 739 651 tribunal
753 590 939 670 pedibusque
951 591 1092 653 Caecinae
1104 591 1233 651 advolve·

175 685 267 748 retur,
284 696 319 738 eo
336 696 431 756 usque
446 677 591 754 flagitatus
607 685 663 746 est,
679 677 774 736 donec
789 677 825 736 ad
842 676 964 736 exitium
979 676 1149 737 dederetur.
1171 677 1234 737 Cas-

176 763 237 823 sius
260 763 403 834 Chaerea,
421 782 488 822 mox
511 762 599 823 caede
624 763 653 823 C.
670 762 801 823 Caesaris
817 762 993 822 memoriam
1009 763 1089 841 apud
1105 770 1258 841 posteros}

175 849 308 927 adeptus,
326 856 389 908 tum
405 849 578 908 adulescens
591 856 620 907 et
633 847 724 907 animi
734 848 827 917 ferox,
840 847 920 906 inter
932 847 1086 907 obstantes
1103 856 1134 908 et
1147 864 1234 908 arma·

175 942 223 994 tos
250 934 327 994 ferro
354 933 432 994 viam
458 933 604 1011 patefecit.
627 932 693 992 Non
714 931 851 992 tribunus
875 933 961 1004 ultra,
988 951 1051 993 non
1074 940 1235 993 castrorum

175 1019 341 1098 praefectus
357 1018 403 1078 ius
419 1017 564 1079 obtinuit:
580 1018 689 1094 vigilias
705 1017 859 1089 stationes,
871 1027 900 1078 et
916 1017 1013 1093 siqua
1029 1018 1085 1078 aba
1101 1036 1236 1097 praesens

175 1122 248 1164 usus
264 1104 418 1174 indixerat,
435 1103 491 1182 ipsi
506 1103 719 1181 partiebantur.
742 1103 772 1163 ld
786 1102 928 1163 militares
939 1103 1056 1163 animos
1067 1103 1159 1164 altius
1170 1122 1236 1164 con·

174 1188 352 1250 iactantibus
362 1189 552 1267 praecipuum
566 1188 706 1248 indicium
720 1188 818 1265 magni
830 1196 918 1267 atque
929 1188 1113 1266 inplacabilis
1129 1192 1267 1259 motus‚·lt

175 1275 254 1353 quod
280 1292 377 1352 neque
401 1274 515 1333 disiecti
535 1292 592 1334 nec
611 1292 775 1352 paucorum
797 1273 951 1339 instinctu,
971 1281 1017 1333 set
1031 1273 1146 1351 pariter
1159 1275 1237 1335 arde·
1278 1332 1280 1349 ,

174 1367 301 1429 suerent,
324 1359 433 1436 pariter
453 1359 584 1430 silerent,
600 1366 681 1419 tanta
698 1359 875 1438 aequalitate
891 1366 921 1419 et
937 1360 1116 1435 constantia,
1133 1366 1169 1420 ut
1182 1358 1238 1439 regi
1277 1402 1280 1411 ·

175 1444 322 1505 crederes.
1277 1422 1280 1477 ¹

118 1538 160 1593 aa
262 1529 377 1588 lnterea
393 1528 567 1588 Germanico
580 1547 634 1607 per
645 1528 760 1597 Gallias,
772 1535 805 1588 ut
817 1527 955 1597 diximus
968 1546 1074 1589 census
1086 1527 1238 1608 accipienti

177 1614 337 1675 excessisse
353 1614 517 1691 Augustum
535 1613 676 1673 adfertur.
700 1614 827 1692 Neptem
848 1614 910 1673 eius
925 1613 1118 1692 Agrippinam
1134 1614 1166 1673 in
1178 1632 1237 1673 ma·
1250 1614 1269 1669 1⁵

176 1699 317 1759 trimonio
333 1699 493 1777 pluresque
510 1717 544 1757 ex
560 1718 593 1758 ea
608 1698 717 1758 liberos
733 1697 867 1769 babebat,
883 1698 946 1777 ipse
960 1698 1068 1771 Druso,
1083 1699 1178 1760 fratre
1192 1698 1238 1759 Ti-

175 1782 259 1856 berii,
282 1783 409 1862 genitus,
434 1784 579 1861 Augustae
601 1803 703 1862 nepos,
723 1795 769 1844 set
788 1784 893 1844 anxius
915 1783 1035 1844 occultis
1050 1784 1082 1843 in
1099 1803 1133 1845 se
1148 1783 1239 1863 patrui

176 1869 318 1947 aviaeque
341 1869 424 1939 odiis,
450 1887 577 1947 quorum
601 1888 705 1929 causae
727 1869 867 1941 acriores,
890 1869 958 1949 quia
975 1868 1104 1947 iniquae.
1129 1869 1239 1949 Quippe

177 1954 264 2013 Drusi
282 1971 386 2031 magna
403 1954 480 2031 apud
496 1955 640 2031 populum
655 1954 821 2015 Romanum
838 1955 981 2014 memoria
997 1954 1238 2035 credebaturque,

178 2038 202 2098 si
218 2056 318 2098 rerum
336 2039 447 2117 potitus
463 2039 548 2107 foret,
565 2038 731 2099 libertatem
748 2040 932 2107 redditurum
947 2039 1027 2099 unde
1043 2038 1075 2099 in
1087 2040 1238 2101 Germani·
1251 2048 1273 2099 a

178 2143 246 2185 cum
263 2124 346 2183 favor
362 2132 391 2183 et
406 2143 472 2202 spes
488 2124 599 2184 eadem.
623 2124 697 2184 Nam
713 2125 813 2185 iuveni
829 2125 911 2184 civile
923 2124 1085 2203 ingenium,
1101 2125 1179 2186 mira
1193 2144 1240 2186 co-

178 2244 211 2293 60
229 2242 349 2293 Soldateu
368 2244 532 2306 geschlagcn,
550 2259 590 2292 nin
607 2244 684 2308 jedeia
773 2233 825 2292 33.
853 2245 891 2293 14.
916 2243 1092 2306 Abbilduogen
1116 2245 1162 2295 des
1185 2243 1240 2296 Gar

179 2310 296 2362 dasselbc
309 2311 396 2361 liihlen
410 2328 440 2360 zu
452 2313 546 2371 lassen,
565 2326 618 2361 was
631 2312 685 2360 bis·
737 2314 854 2361 monicus
883 2311 932 2360 und
958 2313 1004 2361 der
1027 2313 1180 2379 Agrippina
1203 2311 1240 2363 boi

178 2380 226 2430 her
246 2380 286 2428 die
304 2379 399 2442 Legion
424 2379 521 2441 gcl'iilrlt
542 2380 593 2429 bat.
625 2379 685 2430 Wie
738 2380 856 2430 Visconti
873 2396 897 2428 u.
916 2378 1022 2441 Mongez
1040 2378 1155 2443 lconogr.
1174 2382 1239 2431 lion.

178 2449 233 2497 viel
247 2447 362 2497 Streicbe
379 2448 453 2512 jeder
466 2448 555 2498 Soldat
573 2448 684 2511 gegeben
741 2448 758 2497 l.
783 2449 837 2500 118.
861 2448 916 2510 127,
939 2447 973 2513 pl.
996 2448 1037 2497 21.
1059 2448 1119 2498 w.
1154 2450 1239 2499 Clamo

178 2518 230 2576 bat,
245 2517 281 2564 ist
291 2516 364 2565 dabei
375 2531 439 2579 ganz
449 2517 624 2580 gleicbgiiltig,
634 2517 684 2565 und
739 2514 824 2566 musde
848 2515 879 2565 de
900 2518 1032 2582 sculpture
1054 2516 1120 2568 2361
1130 2518 1239 2567 -aara

179 2583 685 2634 esbrauohtendossbalbnicbtalleCen-
740 2584 823 2633 Coben
848 2581 981 2633 me'daillcs
1006 2583 1064 2649 imp.
1089 2583 1099 2632 l
1123 2585 1158 2649 pl.
1181 2582 1238 2638 Vlfl

178 2654 297 2703 turionan
310 2653 388 2701 durob
402 2652 558 2715 dieScbliige
571 2654 685 2714 getddtet
739 2653 834 2702 Miiller
854 2669 878 2701 u.
898 2651 1027 2702 Wieseler
1048 2652 1155 2702 Deukm.
1177 2655 1199 2703 d.
1218 2669 1239 2702 a.

178 2737 210 2770 zu
224 2721 332 2769 werden.
739 2719 823 2770 liunst
836 2737 858 2769 n.
874 2721 931 2770 356.
945 2720 1001 2769 311.

216 2789 237 2837 1.
256 2789 398 2850 ranimirus,
421 2803 478 2835 vom
495 2788 578 2836 Boden
598 2785 685 2850 ausga-

180 2857 272 2905 risscn.
777 2857 815 2908 16.
828 2859 882 2923 ipae
903 2873 927 2905 u.
949 2872 969 2904 s.
990 2872 1022 2905 w.
1044 2855 1195 2921 Apposition
1212 2870 1240 2905 za

213 2927 237 2973 5.
255 2939 318 2972 mon
334 2922 408 2971 caedo
427 2922 452 2972 C.
471 2922 599 2986 Caesaris,
617 2923 685 2973 Cali—
739 2925 830 2973 demin
844 2924 1220 2989 lobedutlicgendensubject.
1259 2942 1262 2947 ·

179 2991 252 3056 gula,
273 2993 303 3041 41
329 3008 351 3040 n.
374 2992 417 3040 Ch.
452 2990 488 3039 Er
511 3006 566 3040 war
590 2992 684 3041 damals
776 2993 1011 3058 17.Auguataena
1028 2993 1102 3041 oss,
1120 3009 1143 3042 c.
1161 2993 1185 3042 3.
1205 2990 1240 3044 10.

178 3058 276 3109 Tribun
289 3060 331 3109 bci
344 3058 593 3109 denPriitorianern.
614 3060 682 3109 Suet.
772 3064 869 3127 putrui.
899 3061 968 3124 Hier,
987 3008 1028 3110 lli
1044 3063 1067 3110 5.
1087 3060 1126 3110 17.
1146 3059 1187 3112 Vi.
1202 3060 1240 3123 24,

776 2790 813 2838 15.
833 2787 938 2854 Neptem
948 2791 1009 2837 aius.
1035 2787 1060 2837 S.
1073 2802 1104 2836 zu
1117 2804 1140 2837 c.
1153 2789 1177 2837 3.

180 3127 263 3192 Calig.
277 3129 317 3176 ab.

215 3197 237 3246 9.
265 3198 404 3245 coniectore
421 3194 519 3259 aliquid
537 3196 594 3244 hier
606 3196 686 3259 nicht,

180 3264 231 3314 wie
243 3263 410 3326 gewdbnliob‚
433 3264 489 3313 eine
509 3264 686 3327 Vormutbnng

179 3333 242 3382 iiber
264 3334 308 3382 das
330 3332 552 3390 Vorhandeuscin,
576 3334 684 3382 sondern

179 3402 243 3451 iiber
259 3401 301 3450 die
314 3398 515 3450 Beschalieubeit
534 3416 583 3448 von
596 3400 684 3449 Etwas

179 3468 323 3519 nufstelleu.
345 3467 400 3517 Xll.
415 3468 446 3516 49
460 3485 490 3517 aa
502 3472 580 3518 ceteri
590 3484 684 3532 quoque

180 3553 216 3586 eac
240 3537 347 3602 Peligno
370 3539 576 3585 coniectarentur.
624 3537 680 3585 Liv.

179 3604 276 3655 XXIX.
297 3609 339 3666 14,
357 3608 372 3654 b
389 3619 461 3653 meaa
478 3606 609 3670 opiniones
626 3620 683 3653 oon-

180 3674 294 3724 ieotoodo
306 3690 361 3724 rom
373 3677 495 3722 costumia
508 3673 623 3722 obrutam
635 3689 684 3722 noo

106 3776 109 3783 .
179 3745 344 3807 interponam.
370 3741 460 3790 Altae
476 3741 623 3790 bezeichnet
639 3743 683 3791 das

179 3809 272 3859 ticfere
282 3810 438 3873 lliudringcn
452 3809 684 3873 dchcrmuthung‚

179 3877 230 3927 wia
249 3876 330 3928 11125
350 3879 429 3928 adius
446 3877 581 3941 disseram,
599 3876 628 3927 H.
640 3877 683 3928 IV.

184 3946 213 3998 12
225 3947 307 3996 altius
318 3946 462 4014 eoepcdt'am.

739 3144 779 3178 wo
793 3128 852 3179 Tac.
872 3129 970 3179 erziiblt
984 3130 1044 3178 oder
1056 3129 1184 3180 indirecte
1196 3129 1241 3179 Ra·

740 3199 787 3247 den
805 3197 921 3246 Anderer
939 3198 1077 3259 ber-ichtet,
1095 3197 1241 3247 bezeicbnct

741 3282 768 3315 cr
800 3266 840 3314 die
867 3264 1091 3315 Verwnndtscbaft
1115 3265 1241 3315 zwiscbcn

739 3332 858 3382 Tiberius
872 3333 920 3382 nnd
935 3332 1099 3383 Germanicus
1112 3334 1178 3383 nach
1190 3335 1242 3383 den

739 3402 897 3451 natiirlicben
916 3402 1092 3463 Verh'ailtniss3
1113 3400 1143 3451 ll.
1168 3403 1197 3453 11
1218 3416 1241 3449 ιι.

738 3469 776 3519 lll.
792 3471 822 3521 12
838 3470 864 3518 in
877 3469 991 3520 directer
1002 3469 1069 3519 Reda
1081 3471 1126 3519 des
1139 3470 1243 3521 Germa·

740 3539 812 3588 nicus
829 3538 878 3586 und
891 3537 1010 3588 Tiberius
1029 3538 1111 3588 selbst
1123 3539 1189 3589 nach
1200 3538 1244 3587 dar

738 3607 873 3671 Adoption.

782 3676 820 3724 18.
838 3676 958 3739 acriores,
965 3676 1026 3739 quia
1032 3675 1149 3737 iniquae:
1160 3674 1244 3725 indam

739 3744 784 3792 der
809 3741 969 3805 Gcgcnstand
993 3743 1037 3791 des
1060 3743 1155 3791 llasses
1179 3742 1245 3792 beim

739 3810 885 3861 Hassendeu
916 3810 1033 3872 zugleicli
1057 3811 1114 3859 eine
1138 3810 1244 3861 beschii-

738 3879 825 3928 mendc
848 3879 1011 3940 Erinnerung
1039 3892 1070 3926 an
1100 3879 1143 3928 dio
1168 3879 1243 3942 cigna

739 3947 867 3998 schlccbtc
886 3946 1034 4009 Gesiunung
1054 3946 1106 3996 und
1122 3947 1244 4011 dadurcb‚
