2646 4404
10 194 191 323 pheon,
264 234 821 291 auuxcnssunrvinuousnu.1n
842 236 988 289 rareto.
1078 239 1137 299 101

58 398 212 471 postremo
227 391 321 451 moles
336 390 491 452 ruentium
507 399 535 451 et
550 390 716 451 incidentes
731 390 812 469 ripae
827 408 978 469 operuere.
1002 390 1131 463 Quidam

59 474 144 555 turpi
167 475 237 554 luga
257 476 288 535 in
309 494 427 536 summa
442 475 582 537 arborum
598 475 656 535 nisi
670 475 819 553 ramisque
834 493 865 533 se
881 475 1131 535 occultantesad-

60 558 150 621 motis
167 560 325 639 sagittariis
340 579 394 638 per
408 559 568 620 ludibrium
584 559 762 637 figebantur;
775 559 847 618 alios
859 567 997 636 prorutae
1010 558 1130 620 arbores

55 643 206 706 adflixere.
244 646 349 722 Magna
370 663 403 704 ea
426 644 544 705 victoria
560 663 657 722 neque
672 652 794 703 cruenta
810 643 897 703 nobis
911 643 977 704 luit.
1016 643 1125 714 Quinta
1142 651 1185 707 18

15 728 36 781 ὅ
57 728 95 791 ab
110 729 183 789 hora
199 729 258 790 diei
273 730 310 788 ad
325 737 444 788 noctem
459 729 537 815 caesi
552 729 653 788 hostes
668 729 772 788 decem
788 727 865 786 milia
882 746 1024 806 passuum
1041 728 1128 789 cada-

57 812 179 873 veribus
199 821 288 892 atque
308 814 399 873 armis
418 813 588 892 opplevere,
616 813 738 891 repertis
753 813 832 871 inter
846 813 940 890 spolia
956 830 1061 873 eorum
1078 831 1129 872 ca-

57 896 148 969 tenis,
165 916 239 976 quas
254 899 286 958 in
301 898 462 968 Romanos,
478 905 588 957 utnon
605 897 694 957 dubio
707 904 825 964 eventu,
841 904 1041 974 portaverant.
1071 896 1128 956 Μί-

57 980 101 1043 les
116 981 149 1043 in
171 982 236 1043 loco
256 982 360 1061 proelii
381 982 534 1042 Tiberium
557 982 771 1060 imperatorem
798 981 935 1040 salutavit
958 980 1128 1058 struxitque

58 1082 198 1145 aggerem
219 1076 248 1128 et
274 1067 305 1128 in
333 1068 456 1126 modum
477 1075 668 1144 tropaeorum
689 1084 770 1126 arma
792 1064 967 1143 subscriptis
985 1066 1127 1125 victarum

10 1157 38 1219 ld
56 1150 194 1229 gentium
209 1152 380 1212 nominibus
395 1151 546 1229 imposuit.
1207 1220 1217 1231 .

145 1235 225 1296 llaut
236 1235 534 1314 perindeGermanos
547 1235 669 1294 vulnera
682 1235 779 1294 luctus
792 1233 904 1293 excidia
913 1251 1003 1311 quam
1011 1251 1044 1292 ea
1057 1250 1127 1310 spe·
1141 1240 1180 1296 re

59 1319 119 1381 cies
134 1319 237 1381 dolore
253 1328 282 1381 et
297 1320 340 1381 ira
355 1321 474 1382 adfecit.
514 1320 570 1391 Qui
586 1319 674 1379 modo
691 1318 772 1378 abire
788 1318 917 1387 sedibus,
932 1326 1016 1377 trans
1031 1316 1130 1376 Albim

59 1405 226 1466 concedere
238 1406 390 1484 parabant,
405 1398 534 1483 pugnam
546 1405 659 1474 volunt,
672 1421 752 1464 arma
764 1404 899 1481 rapiunt,
911 1403 1012 1480 plebes
1018 1402 1131 1480 primo-

60 1507 118 1561 ras
132 1490 272 1550 iuventus
285 1508 372 1550 senes
387 1508 493 1567 agmen
506 1490 675 1548 Romanum
691 1496 815 1565 repente
831 1488 983 1547 incursant
997 1484 1131 1546 turbant.

10 1588 41 1641 to
57 1572 217 1635 Postremo
234 1575 365 1652 deligunt
380 1575 478 1634 locum
494 1574 617 1633 flumine
635 1580 663 1633 et
678 1572 761 1632 silvis
783 1573 931 1641 clausum,
955 1579 1019 1631 arta
1046 1570 1131 1629 intus

59 1656 184 1737 planitie
207 1665 237 1718 et
260 1660 375 1720 umida:
400 1658 486 1718 silvas
502 1677 621 1737 quoque
637 1657 785 1735 profunda
800 1657 885 1735 palus
905 1654 1050 1724 ambibat,
1073 1654 1131 1714 nisi

60 1743 144 1823 quod
155 1743 231 1804 latus
243 1762 338 1804 unum
350 1743 515 1821 Angrivarii
530 1743 587 1803 lato
600 1759 705 1819 aggere
721 1741 897 1809 extulerant,
913 1758 973 1818 quo
989 1758 1006 1798 a
1018 1739 1132 1799 Cheru-

59 1826 119 1888 seis
134 1828 355 1888 dirimerentur.
400 1828 454 1886 llic
468 1828 558 1905 pedes
574 1826 703 1897 adstitit3
720 1825 850 1904 equitem
867 1824 1042 1903 propinquis
1057 1823 1130 1882 lucis

59 1918 171 1985 texere,
188 1920 221 1973 ut
232 1912 374 1990 ingressis
386 1913 489 1972 silvam
501 1910 697 1990 legionibusa
714 1919 797 1988 tergo
813 1910 899 1969 foret.
937 1908 1015 1968 Nibil
1031 1926 1067 1968 ex
1083 1908 1128 1967 his
1143 1920 1187 1975 20

60 1994 177 2057 Caesari
193 1998 394 2076 incognitum:
412 1996 533 2057 consilia
549 1997 638 2065 locos,
654 2003 793 2074 prompta
808 1995 921 2054 occulta
936 1999 1074 2063 noverat,
1097 2011 1129 2052 a·

40 2088 186 2160 .stusque
201 2082 335 2142 hostium
350 2082 381 2142 in
398 2081 558 2160 perniciem
574 2080 646 2158 ipsis
662 2079 802 2139 vertebat.
837 2078 905 2138 Seio
919 2076 1071 2137 Tuberoni
1088 2077 1133 2135 le-

60 2174 129 2243 gato
146 2166 235 2227 tradit
247 2167 379 2245 equitem
395 2184 610 2244 campumque3
626 2164 761 2242 peditum
772 2163 866 2223 aciem
881 2163 921 2221 ita
934 2161 1083 2231 instruxit,
1098 2169 1133 2220 ut

60 2267 131 2328 pars
143 2269 238 2330 aequo
250 2251 281 2311 in
294 2252 396 2311 silvam
408 2250 488 2310 aditu
500 2250 660 2320 incederet,
675 2266 744 2326 pars
756 2247 906 2306 obiectum
918 2263 1055 2324 aggerem
1067 2244 1133 2303 eni·

60 2340 190 2408 teretur3
203 2336 282 2415 quod
295 2337 430 2405 arduum,
443 2334 507 2405 sibi,
521 2342 618 2395 cetera
629 2332 733 2409 legatis
745 2330 890 2410 permisit.
918 2329 1033 2402 Quibus
1045 2329 1131 2407 plana

10 2426 43 2485 2⁶
59 2431 233 2492 evenerant,
249 2421 333 2482 iacile
344 2420 501 2498 inrupere3
516 2419 583 2497 quis
595 2416 807 2496 inpugnandus
819 2432 914 2491 agger,
928 2424 961 2476 ut
973 2414 997 2474 si
1009 2431 1131 2473 murum

10 2578 12 2585 .
59 2541 163 2609 passim
173 2538 319 2603 enodatis,
336 2543 366 2588 et
379 2554 499 2604 qumque
507 2540 572 2604 sors
626 2536 720 2586 Hintea
745 2536 836 2597 umgab
858 2534 898 2582 die
921 2533 1029 2583 Wtildor
1055 2529 1134 2582 tieier

61 2607 196 2659 obtulerat.
626 2600 716 2666 Sumpi
734 2617 823 2651 ausser
844 2619 875 2651 an
897 2602 943 2650 der
963 2615 1021 2649 vom
1043 2599 1134 2648 Flusse

100 2702 124 2753 ¹·
164 2717 286 2768 a...

61 2770 292 2887 fflosslfflut
314 2770 499 2887 mesqg'tmm
523 2783 572 2816 w
626 2806 685 2855 Dies
698 2820 752 2854 war
769 2805 809 2854 ein
823 2802 1001 2854 Grenzdamm:
1022 2802 1087 2852 deun
1106 2802 1132 2851 in

12 2930 16 2935 .
255 2853 352 2937 ,ΨΒ
389 2925 394 2936 ,
438 2873 444 2886 ’
627 2874 672 2924 der
684 2874 804 2923 Sehlaoht
827 2873 933 2922 standon
954 2871 1006 2921 alle
1025 2867 1132 2919 Germa-

15 2958 18 2963 '
100 2912 149 2973 ¹8·
171 2923 200 3003 .⁸·
217 2921 357 3004 ,T‘bffl'mm
382 2925 568 2988 ml'emtmm
626 2939 1130 2998 nenoulderselbenSeitedesbamms,

62 2988 193 3051 ‘imm'
215 3008 240 3041 ¹¹¹
263 2993 309 3041 ω
333 2990 402 3040 “¹⁸⁰⁰
423 2990 571 3051 B⁰d⁰¹¹t¹¹¹¹5
626 3011 660 3058 im
674 3008 776 3058 Walde.
795 3007 1026 3070 llieAngrivarier
1045 3006 1131 3053 wobu-

63 3059 111 3109 ἀοι
122 3058 223 3121 worts,
235 3074 326 3137 wotpss
339 3074 371 3106 2¹1
384 3057 401 3107 ¹·
414 3058 438 3106 9·
452 3057 570 3136 ijffius
626 3084 667 3126 ten
681 3076 715 3126 im
727 3075 829 3127 Norden
843 3077 888 3125 der
901 3073 1055 3124 Cheruskar.
1072 3072 1131 3135 Vsi-

63 3127 138 3178 Μ
161 3142 190 3177 so
220 3128 350 3188 begrusst,
380 3126 440 3174 werl
469 3141 495 3173 nr
524 3125 571 3173 der
626 3143 728 3192 mg

64 3190 213 3245 ltnimmit
235 3195 287 3244 alle
306 3192 400 3256 liriege
424 3200 500 3242 unter
523 3192 572 3240 deu
659 3203 709 3260 20¹
739 3211 779 3262 21·
805 3209 863 3260 ΜΟ
888 3208 1021 3260 Tuberoni·
1056 3208 1081 3257 s·
1100 3224 1132 3256 zu

63 3260 207 3329 Auspieien
219 3259 372 3313 derliaiser
388 3259 572 3325 gellilrrtwur-
626 3278 667 3329 Ν.
686 3279 727 3328 29·
758 3279 794 3327 Er
817 3279 917 3328 segeint
938 3292 969 3326 a„
992 3277 1032 3325 die
1050 3274 1134 3324 stelle

65 3330 126 3381 ton.
626 3363 675 3395 von
691 3346 718 3395 L.
731 3347 859 3411 Apronius
879 3352 997 3408 getreten
1018 3359 1050 3392 zu
1069 3343 1133 3392 sein.

102 3406 203 3467 1212.
215 3416 285 3465 ubire
297 3415 405 3465 reditur.
417 3413 442 3462 S.
452 3430 484 3462 zu
498 3431 519 3464 e.
531 3412 571 3461 69.
627 3414 651 3464 S.
665 3430 697 3463 zu
709 3430 730 3464 e.
745 3414 785 3464 32.

104 3484 144 3534 ts.
168 3484 299 3533 Postremo
316 3482 431 3548 deligunt
448 3481 528 3531 locum
547 3497 572 3529 u.
663 3481 703 3530 22.
722 3496 896 3547 rumpuntque.
926 3479 1017 3528 Diesor
1028 3477 1071 3539 lag
1083 3491 1132 3525 vor

68 3566 136 3603 ιν.
153 3550 207 3601 Der
219 3550 294 3600 Fluss
312 3552 347 3600 ist
359 3548 574 3599 walrrsolreinlich
628 3551 675 3599 der
686 3565 707 3598 o.
723 3551 754 3599 19
767 3549 914 3598 erwiilmteu
926 3545 1054 3612 planities.
1081 3542 1133 3592 Der

66 3618 110 3669 dia
121 3618 201 3670 Leiue
214 3620 276 3668 oder
286 3617 369 3668 Aller.
388 3619 446 3681 Vgl.
457 3634 488 3666 zu
501 3616 518 3666 l.
532 3616 572 3664 70.
627 3633 722 3680 aequus
745 3620 773 3666 in
796 3616 886 3666 sileam
902 3614 991 3664 oditur
1013 3612 1132 3673 thernaelr

68 3686 162 3739 Diesar
188 3685 265 3735 Fluss
298 3687 348 3735 und
389 3688 430 3735 die
466 3683 574 3735 Wdlder
626 3684 715 3751 plana)
728 3685 763 3733 ist
776 3685 822 3732 der
834 3683 898 3732 iiber
905 3683 966 3746 jene
975 3679 1099 3747 planities.

70 3754 201 3805 eobloesen
225 3768 316 3803 ausser
339 3751 384 3802 aul
409 3754 481 3802 einer
504 3752 574 3801 Seite
664 3754 705 3802 24.
727 3753 852 3818 pmmirc‘t.
875 3751 982 3799 llieraus
996 3748 1031 3798 ist
1043 3764 1075 3796 zu
1086 3748 1139 3796 riba·

69 3822 113 3873 «lto
129 3838 178 3873 ror
194 3821 242 3871 deu
256 3820 380 3871 Wiildern
397 3820 454 3883 (den
467 3820 575 3869 Rdmcrn
630 3821 675 3869 der
693 3820 844 3884 allgemoiue
859 3816 954 3882 Begrill
967 3816 1011 3866 des
1030 3815 1139 3867 Zutlrei-

68 3890 232 3953 emanante)
258 3890 382 3953 gelegeuo
411 3889 496 3939 libone
527 3888 575 3937 ein.
630 3889 686 3939 lens
699 3904 731 3937 zu
744 3887 901 3937 ontnelrman.
